2423 3561
438 219 640 255 XXXVIII
1139 223 1193 258 IN
1197 223 1543 258 TRODUZIONE

436 349 563 380 eisdem
598 351 748 382 indebite
782 350 938 383 habuisse
974 358 1008 384 et
1042 362 1109 383 non
1144 353 1306 394 ingnarus
1341 355 1432 384 vires
1469 355 1661 395 patrimonii
1697 357 1747 387 sui
1783 356 1958 397 prohibuit
1996 357 2172 390 falcidiam
2210 358 2271 389 de-

434 400 569 431 trahere
602 402 645 432 de
677 402 799 443 legatis
830 402 885 432 vel
920 402 1035 444 aliquo
1070 413 1186 434 eorum
1219 414 1280 444 per
1314 404 1425 444 ipsum
1461 411 1660 436 testatorem
1696 406 1731 436 in
1767 407 1862 438 dicto
1897 413 2098 439 testamento
2132 408 2270 440 relictis.

435 450 519 481 Item
535 450 682 492 reliquid
700 458 733 482 et
755 451 850 482 iussit
874 452 964 494 quod
988 458 1225 484 testamentum
1242 454 1326 485 dicti
1352 454 1498 486 condam
1516 455 1644 486 domini
1669 456 1870 497 Guicardini
1893 457 1966 488 eius
1989 458 2092 498 patris
2115 464 2148 489 et
2171 458 2205 489 in
2229 469 2270 490 eo

434 505 594 532 contenta
618 507 650 532 et
675 501 796 533 relicta
820 502 953 544 integre
978 502 1220 544 persolvantur
1243 504 1398 544 personis
1422 511 1455 535 et
1480 504 1567 536 locis
1591 506 1626 536 in
1650 506 1722 546 ipso
1756 513 1957 539 testamento
1988 507 2167 539 nominatis
2197 509 2272 550 qui-

434 550 495 581 bus
518 561 585 582 non
609 552 767 592 apparuit
790 552 865 583 fore
888 552 1046 584 solutum.
1093 552 1178 584 Item
1201 554 1349 595 reliquid
1373 560 1407 586 et
1432 555 1527 586 iussit
1551 556 1644 596 quod
1668 556 1809 598 singulis
1832 558 1930 588 annis
1955 558 2011 588 die
2040 558 2148 597 primo
2173 565 2269 590 octu-
2316 558 2334 590 5

434 600 504 631 bris
526 600 583 632 fiat
606 605 641 632 et
664 601 737 632 fieri
760 601 883 633 debeat
906 602 1039 633 insimul
1066 603 1239 634 convitum
1263 604 1531 635 anniversarium
1547 606 1556 622 ¹
1579 606 1726 646 prefacti
1751 608 1897 638 condam
1914 607 2042 638 domini
2068 608 2269 650 Guicardini

435 660 500 681 nec
524 660 593 681 non
617 658 794 692 parentum
818 651 924 693 ipsius
947 658 980 684 et
1004 653 1120 684 fratris
1144 663 1183 683 ac
1208 652 1312 684 etiam
1335 655 1452 685 matris
1475 655 1579 695 ipsius
1603 658 1772 687 testatoris
1795 658 1936 689 fratrum
1955 660 2079 691 sororis
2104 665 2136 692 et
2151 660 2270 691 uxoris

437 700 543 741 ipsius
565 702 733 732 testatoris
756 708 790 732 et
814 703 956 734 aliorum
980 703 1225 734 nominatorum
1251 710 1284 734 et
1307 711 1521 736 anotatorum
1544 707 1579 736 in
1604 706 1713 737 officio
1737 707 1884 749 gloriose
1909 702 2051 750 virginis
2065 710 2175 741 Marie
2199 711 2270 741 eiu-

434 751 528 782 sdem
552 752 722 783 testatoris
745 759 844 793 prout
870 753 902 783 iu
928 753 1003 794 ipso
1022 753 1132 784 officio
1149 754 1302 795 plenarie
1319 755 1484 796 scriptum
1503 763 1553 787 est
1570 763 1603 787 et
1626 763 1663 788 ut
1687 758 1758 798 ipse
1777 764 1914 790 testator
1939 766 2079 791 actenus
2096 761 2270 802 hucusque

436 801 507 832 fieri
530 801 615 833 fecit
638 808 674 833 ut
698 803 807 834 tocius
831 814 888 834 sue
912 803 1042 834 familie
1058 809 1174 835 notum
1192 804 1303 836 extitit
1327 805 1371 836 ita
1397 808 1488 847 quod
1506 807 1549 838 de
1565 807 1758 849 ignorantia
1775 819 1810 840 se
1837 819 2006 841 excuxare
2030 810 2184 842 ulatenus
2201 821 2269 842 non
2296 810 2335 842 10

432 851 585 884 valerent
608 858 643 883 et
666 853 759 894 quod
781 853 935 884 similiter
958 864 1035 885 cum
1059 855 1133 895 ipso
1157 855 1363 887 aniversario
1382 862 1414 887 et
1431 857 1606 888 convitum
1623 858 1679 889 liat
1702 860 1946 891 aniversarium
1971 861 2121 892 eiusdem
2146 862 2179 892 d.
2204 861 2269 892 Bo-

433 902 551 933 nifacii
569 903 736 934 testatoris
761 904 858 935 annis
881 904 1021 946 singulis
1045 905 1205 936 addendo
1229 905 1307 936 ilam
1332 908 1555 947 quantitatem
1579 908 1864 940 exllimosinarum
1888 911 1981 942 dicto
2012 910 2172 952 primerio
2196 911 2270 942 ani-

432 952 580 985 versario
605 958 638 984 et
660 953 726 994 ipsi
752 954 958 985 aniversario
983 955 1127 995 predicti
1160 956 1193 986 d.
1218 954 1388 999 Bonifacij
1421 968 1523 988 unum
1557 959 1764 999 quartarium
1798 961 1895 1000 panis
1925 967 1959 992 et
1989 962 2138 992 medium
2169 971 2268 1002 quar-

433 1003 553 1035 tarium
590 1002 670 1035 fabe
705 1009 738 1035 et
773 1005 912 1045 insuper
946 1016 1049 1035 uuum
1084 1005 1229 1037 solidum
1267 1006 1400 1038 Mutine
1437 1008 1576 1040 cuilibet
1612 1009 1780 1041 dictorum
1806 1017 2034 1042 conventuum
2066 1022 2128 1052 pro
2159 1012 2269 1043 missis

437 1054 654 1088 celebrandis
689 1054 783 1085 dicta
820 1055 877 1086 die
913 1055 1022 1096 primo
1058 1056 1209 1088 octubris
1244 1067 1305 1098 pro
1341 1059 1453 1089 anima
1486 1058 1594 1100 ipsius
1630 1061 1808 1092 testatoris.
1855 1062 1998 1102 Insuper
2032 1061 2139 1093 voluit
2173 1062 2268 1094 iussit
2295 1061 2332 1093 15

435 1113 469 1138 et
492 1104 640 1146 reliquid
671 1104 762 1146 quod
795 1105 987 1136 huiusmodi
1019 1107 1262 1138 aniversarium
1294 1108 1363 1139 sive
1395 1109 1604 1140 aniversaria
1628 1111 1768 1152 singulis
1793 1112 1888 1143 annis
1912 1112 2006 1144 dicto
2038 1112 2094 1143 die
2126 1118 2160 1144 et
2184 1118 2268 1144 tem-

434 1166 517 1198 pore
541 1165 603 1197 per
628 1155 772 1186 heredes
797 1155 902 1195 ipsius
927 1157 1097 1188 testatoris
1121 1163 1154 1188 et
1184 1168 1300 1189 eorum
1333 1169 1549 1191 successores
1580 1161 1689 1193 modis
1721 1168 1755 1193 et
1786 1162 1906 1193 formis
1936 1163 2090 1203 superius
2120 1163 2268 1194 enaratis

434 1207 505 1238 fieri
530 1205 676 1237 debeant
700 1205 733 1235 in
751 1211 954 1247 perpetuum
979 1217 1018 1237 ac
1044 1207 1144 1238 etiam
1170 1209 1316 1249 predicti
1341 1210 1458 1251 viginti
1486 1210 1587 1242 solidi
1613 1211 1744 1242 Mutine
1768 1212 1853 1243 solvi
1878 1212 2166 1245 debeant².dicto
2189 1223 2267 1255 pre-

432 1258 559 1289 sbitero
582 1265 645 1297 pro
670 1255 770 1287 dictis
794 1257 902 1288 missis
926 1263 1091 1298 perpetuo
1116 1259 1331 1290 celebrandis
1355 1266 1391 1290 ut
1423 1260 1551 1292 dictum
1577 1267 1626 1293 est
1650 1262 1712 1293 sub
1744 1273 1833 1304 pena
1857 1264 1978 1296 decem
2003 1263 2166 1295 librarum
2189 1264 2268 1296 Mu-

431 1309 501 1339 tine
524 1317 586 1348 pro
611 1305 761 1347 qualibet
784 1307 860 1337 vice
885 1318 951 1348 qua
975 1308 1078 1339 fuerit
1101 1310 1364 1348 contrafactum,
1390 1320 1473 1351 quas
1497 1312 1616 1343 decem
1640 1313 1743 1344 libras
1767 1313 1900 1345 Mutine
1917 1314 1991 1355 ipse
2014 1319 2156 1346 testator
2172 1314 2267 1346 dicto
2291 1316 2332 1347 20

432 1368 512 1390 casu
536 1356 715 1388 eveniente
740 1365 782 1387 ex
806 1367 896 1388 nuuc
922 1357 1067 1399 reliquid
1092 1359 1247 1399 predicto
1272 1360 1433 1401 hospitali
1458 1360 1577 1393 domus
1601 1362 1655 1393 dei
1688 1363 1731 1393 de
1763 1363 1897 1395 Mutina
1929 1374 1990 1405 pro
2023 1364 2133 1396 anima
2162 1365 2267 1406 ipsius

430 1406 599 1440 testatoris
623 1412 656 1437 et
675 1407 767 1448 quod
783 1406 1022 1439 uichilomiuus
1039 1408 1114 1449 ipsa
1129 1418 1218 1450 pena
1235 1410 1344 1441 soluta
1370 1411 1422 1442 vel
1445 1422 1512 1443 uon
1528 1412 1591 1453 ipsi
1609 1412 1754 1444 heredes
1776 1414 1809 1444 in
1836 1414 2011 1446 animabus
2028 1414 2096 1446 suis
2111 1415 2266 1456 predicta

430 1458 544 1490 omnia
579 1462 612 1487 et
647 1456 781 1498 singula
815 1462 993 1489 teneantur
1028 1464 1062 1489 et
1097 1459 1244 1491 debeant
1281 1460 1422 1492 effectui
1457 1461 1678 1494 demandare.
1727 1464 1811 1494 Item
1849 1465 1998 1506 reliquid
2032 1465 2129 1496 uxori
2162 1465 2267 1507 ipsius

428 1507 598 1540 testatoris
614 1506 750 1538 domine
768 1505 874 1538 Becte
891 1508 1006 1539 dotem
1022 1508 1127 1550 ipsius
1143 1520 1209 1551 que
1227 1511 1294 1541 fuit
1311 1511 1708 1555 quinquagintaquinque
1725 1514 1885 1546 librarum
1902 1515 2141 1556 imperiallium
2154 1524 2190 1550 et
2205 1519 2266 1550 do-

429 1559 622 1591 nactionem
646 1557 824 1598 sinplicem
850 1564 963 1590 totam.
1011 1559 1154 1601 Insuper
1179 1561 1327 1602 reliquid
1350 1563 1457 1593 voluit
1474 1569 1506 1594 et
1523 1564 1699 1596 mandavit
1721 1565 1830 1607 ipsam
1855 1566 2027 1599 dominam
2051 1568 2168 1600 Betam
2193 1569 2266 1602 eius
2289 1569 2330 1601 25

429 1620 568 1641 uxorem
593 1607 764 1640 dominam
788 1609 975 1640 ussuariam
998 1617 1032 1641 et
1055 1611 1357 1643 ussut'ructuariam
1392 1614 1540 1645 omnium
1573 1614 1739 1646 bonorum
1769 1616 1878 1656 ipsius
1910 1619 2077 1650 testatoris
2107 1625 2142 1650 et
2173 1619 2266 1661 quod

434 1661 508 1701 ipsa
539 1658 663 1690 habeat
696 1664 727 1689 et
750 1658 876 1690 habere
909 1659 1033 1691 debeat
1057 1660 1216 1693 decentia
1248 1668 1280 1693 et
1312 1663 1501 1696 sufficientia
1535 1665 1694 1698 alimenta
1725 1666 1794 1698 cibi
1825 1674 1859 1699 et
1890 1674 1991 1709 potus
2023 1669 2267 1702 calciamento-

434 1721 509 1741 rum
532 1716 565 1742 et
594 1709 736 1741 vestium
765 1709 800 1740 in
825 1710 926 1741 domo
952 1711 1056 1751 ipsius
1087 1713 1258 1743 testatoris
1283 1719 1316 1744 et
1345 1714 1562 1747 habitationis
1593 1716 1746 1749 eiusdem
1778 1719 1939 1759 quamdiu
1971 1719 2043 1760 ipsa
2077 1720 2210 1752 vissei-it
2233 1726 2268 1752 et

435 1761 537 1793 vitam
568 1759 740 1792 vidualem
771 1765 805 1791 et
836 1759 1014 1792 honestam
1038 1762 1072 1792 in
1100 1763 1202 1794 domo
1234 1763 1339 1804 ipsius
1370 1765 1540 1797 testatoris
1572 1772 1606 1797 et
1636 1777 1714 1798 cum
1745 1768 1930 1800 heredibus
1960 1771 2066 1811 ipsius
2096 1771 2267 1803 testatoris

433 1810 619 1843 servaverit
650 1816 684 1841 et
713 1809 795 1851 ipsis
819 1810 1005 1842 heredibus
1030 1811 1236 1844 laboraverit
1261 1819 1295 1845 et
1320 1815 1447 1846 dictam
1472 1816 1586 1847 dotem
1610 1823 1645 1848 et
1670 1818 1890 1850 donationem
1914 1830 1983 1852 non
2010 1821 2147 1863 petierit
2170 1831 2266 1853 man-
2289 1823 2331 1854 30

433 1862 517 1893 dans
539 1860 677 1901 insuper
708 1859 780 1901 ipse
796 1865 936 1892 testator
962 1871 1002 1892 ex
1026 1873 1117 1894 nunc
1141 1862 1223 1904 ipsis
1245 1864 1313 1895 suis
1337 1864 1413 1896 filiis
1436 1872 1470 1897 et
1494 1866 1679 1898 heredibus
1703 1869 1797 1910 quod
1819 1869 1880 1901 sub
1913 1870 2054 1903 obtentu
2077 1881 2137 1902 sue
2161 1871 2266 1903 bene—

433 1912 593 1944 dictionis
609 1921 682 1942 eam
700 1911 870 1943 honorent
886 1918 919 1943 et
935 1920 1140 1945 venerentur
1156 1920 1192 1945 ut
1209 1920 1350 1946 matrem
1368 1922 1402 1947 et
1418 1916 1592 1948 dominam
1610 1924 1643 1949 et
1660 1919 1728 1950 suis
1744 1920 1880 1951 monitis
1892 1923 2091 1964 aquiescant
2104 1928 2138 1953 et
2149 1922 2178 1953 si
2192 1922 2266 1964 ipsa

431 1963 493 1994 sibi
517 1962 616 1993 aliam
633 1961 766 2004 eligerit
783 1961 885 1993 vitam
902 1963 989 1994 adeo
1013 1964 1107 2005 quod
1131 1965 1221 1996 nolet
1245 1966 1299 1997 vel
1323 1977 1390 1998 non
1414 1973 1527 2008 posset
1550 1974 1638 2000 stare
1662 1980 1739 2001 cum
1763 1970 1844 2011 ipsis
1867 1971 2049 2004 heredibus
2071 1972 2126 2004 vel
2150 1972 2264 2014 aliquo

431 2024 547 2045 eorum
571 2023 611 2044 eo
637 2023 716 2044 casu
742 2012 888 2054 reliquid
911 2013 1023 2044 eidem
1048 2020 1154 2049 totum
1178 2022 1211 2047 et
1234 2017 1444 2048 uuiverssum
1468 2029 1568 2049 uxum
1593 2026 1625 2051 et
1649 2020 1868 2052 uxufruetum
1891 2028 2056 2054 terrarum
2081 2028 2115 2054 et
2144 2023 2265 2054 domus

433 2064 617 2105 positarum
645 2074 747 2104 super
779 2063 871 2094 dicta
902 2064 1100 2107 Formigine
1124 2066 1232 2098 veteri
1268 2073 1395 2099 tantum
1431 2069 1473 2100 de
1514 2070 1637 2111 quibus
1672 2077 1706 2102 et
1741 2077 1873 2103 constat
1908 2083 2022 2104 earum
2058 2074 2094 2104 in
2125 2073 2191 2106 hoc
2223 2080 2275 2106 te·
2297 2073 2338 2106 35

430 2119 596 2145 stamento
627 2124 729 2155 supra
752 2115 787 2144 fit
818 2114 945 2145 mentio
971 2115 1082 2147 donec
1104 2116 1177 2157 ipsa
1202 2117 1335 2149 visserit
1358 2124 1392 2150 et
1415 2119 1519 2150 vitam
1543 2120 1717 2152 vidualem
1748 2128 1782 2153 et
1812 2122 1989 2155 honestam
2012 2125 2199 2156 servaverit
2229 2130 2264 2156 et

428 2164 628 2206 religionem
645 2173 714 2195 non
729 2163 908 2196 intraverit
924 2171 958 2196 et
974 2165 1090 2197 dotem
1105 2177 1199 2198 suam
1218 2177 1285 2199 uon
1301 2169 1438 2209 petierit
1455 2175 1488 2201 et
1506 2170 1606 2201 dictis
1623 2171 1720 2202 terris
1736 2172 1875 2203 arbitrio
1893 2173 1971 2204 boni
1988 2174 2052 2205 viri
2065 2184 2133 2206 uxa
2147 2174 2260 2206 fuerit.

430 2215 573 2256 Insuper
586 2214 735 2256 reliquid
748 2215 858 2246 eidem
876 2215 1119 2248 habitationem
1138 2217 1238 2249 totius
1256 2219 1375 2250 domus
1391 2230 1496 2261 parve
1513 2221 1570 2252 ubi
1588 2227 1639 2253 est
1662 2223 1830 2253 caminum
1849 2223 2044 2256 choerentis
2060 2225 2175 2256 domui
2191 2236 2262 2256 ma-

428 2275 494 2307 gne
507 2265 614 2306 ipsius
630 2265 801 2296 testatoris
813 2265 922 2306 posite
939 2266 970 2296 iu
986 2267 1125 2299 civitate
1139 2268 1273 2300 Mutine
1286 2268 1320 2299 in
1335 2269 1556 2312 cinquantina
1570 2271 1690 2303 Sancti
1703 2272 1818 2305 Iacobi
1833 2274 2004 2306 confinate
2016 2275 2059 2307 ab
2073 2286 2140 2307 uno
2155 2276 2260 2308 latere

428 2321 532 2347 strata
554 2315 596 2347 ab
621 2315 688 2346 alio
714 2315 867 2346 androna
899 2317 941 2348 ab
966 2317 1034 2349 alio
1059 2318 1150 2349 idem
1183 2325 1323 2351 testator
1355 2326 1389 2351 et
1421 2331 1517 2352 usum
1548 2327 1583 2353 et
1613 2323 1825 2355 usufructum
1857 2324 1937 2356 lecti
1960 2325 2065 2367 ipsius
2088 2326 2259 2358 testatoris
2284 2327 2326 2358 40

427 2366 559 2397 aredati
583 2376 650 2396 una
674 2365 827 2407 culcidra
851 2367 984 2398 duobus
1007 2368 1225 2408 pluminaciis
1249 2376 1394 2411 quatuor
1426 2371 1681 2405 linteaminibus
1714 2380 1747 2404 et
1779 2385 1847 2407 una
1871 2375 1982 2406 cultra
2005 2386 2024 2407 a
2053 2376 2147 2408 dicto
2171 2376 2260 2408 lecto

427 2422 460 2447 et
484 2416 578 2447 tacta
602 2416 646 2447 ad
670 2416 825 2447 scaionos
842 2416 985 2448 aliorum
1009 2418 1213 2450 utenselium
1237 2420 1301 2451 sibi
1324 2423 1595 2454 necessariorum
1613 2429 1647 2454 et
1667 2430 1938 2465 opportunorum
1956 2432 1989 2457 et
2005 2426 2071 2458 hoc
2095 2427 2260 2469 quamdiu

426 2467 558 2497 visserit
581 2473 614 2498 et
638 2466 740 2497 vitam
767 2467 935 2498 vidualem
961 2470 1147 2500 servaverit
1164 2476 1197 2501 et
1214 2471 1329 2502 dotem
1347 2483 1439 2503 suam
1458 2482 1527 2504 non
1544 2473 1696 2514 petierit:
1721 2475 1749 2505 si
1774 2486 1855 2507 vero
1872 2477 1917 2508 ad
1932 2477 2102 2509 secundas
2125 2478 2260 2519 nuptias

425 2516 661 2548 convolaverit
673 2515 684 2533 ³
701 2517 848 2558 reliquid
865 2517 977 2549 eidem
994 2519 1206 2552 solummodo
1224 2521 1340 2552 dotem
1357 2533 1450 2553 suam
1475 2529 1508 2555 et
1532 2524 1750 2556 donationem
1768 2526 1950 2567 simplicem
1967 2526 2013 2558 ita
2028 2533 2141 2559 tamen
2165 2527 2259 2569 quod

423 2567 487 2607 ipsi
504 2567 650 2598 heredes
665 2573 845 2598 teneantur
862 2573 895 2598 et
912 2568 1061 2600 debeant
1077 2569 1183 2611 ipsam
1202 2581 1344 2602 uxorem
1361 2573 1433 2604 eius
1449 2574 1498 2604 sic
1515 2573 1548 2604 in
1568 2574 1636 2605 vita
1659 2575 1786 2606 viduali
1811 2582 1845 2607 et
1868 2576 2011 2608 honesta
2034 2583 2257 2618 permanente
2281 2577 2322 2608 45

424 2617 606 2658 indepnem
622 2617 758 2658 penitus
776 2627 980 2650 conservare
996 2619 1039 2650 ab
1056 2620 1214 2652 omnibus
1229 2628 1262 2652 et
1279 2623 1422 2664 singulis
1439 2630 1473 2655 et
1491 2625 1534 2656 de
1551 2625 1710 2656 omnibus
1726 2632 1759 2657 et
1774 2627 1918 2669 singulis
1935 2627 2033 2659 coltis
2048 2627 2256 2670 gravamini-

425 2666 486 2699 bus
502 2673 536 2698 et
552 2667 736 2699 honeribus
752 2674 818 2698 tam
836 2668 983 2700 realibus
1001 2680 1101 2711 quam
1118 2671 1355 2711 personalibus
1372 2684 1587 2717 quocumque
1604 2676 1740 2707 nomine
1758 2684 1938 2708 ceseantur
1960 2688 2026 2719 que
2044 2677 2256 2719 imponiren-

423 2724 477 2749 tur
493 2718 558 2759 ipsi
575 2719 672 2749 uxori
689 2718 761 2750 eius
779 2719 830 2749 vel
849 2719 946 2750 bonis
961 2730 1020 2751 seu
1036 2731 1099 2762 pro
1116 2721 1215 2753 bonis
1231 2722 1335 2763 ipsius
1352 2735 1418 2766 que
1435 2725 1511 2766 ipsa
1527 2731 1659 2758 teneret
1675 2737 1734 2758 seu
1752 2737 1818 2769 que
1834 2727 2082 2769 inponerentur
2097 2728 2178 2769 ipsis
2195 2729 2255 2760 he-

422 2768 561 2800 redibus
575 2769 629 2800 vel
643 2768 742 2800 bonis
755 2770 906 2801 eiusdem
923 2772 1094 2803 testatoris
1107 2772 1155 2803 ita
1168 2779 1201 2804 et
1214 2773 1327 2805 taliter
1340 2775 1434 2816 quod
1447 2776 1521 2816 ipsa
1530 2777 1730 2818 uxoripsius
1743 2779 1915 2810 testatoris
1928 2789 1996 2810 non
2008 2779 2100 2820 posit
2116 2790 2179 2812 nec
2193 2780 2254 2812 de-

420 2819 499 2850 beat
515 2819 616 2850 modo
631 2820 746 2861 aliquo
760 2820 931 2851 molestari
948 2822 1127 2862 inquietari
1144 2824 1199 2854 vel
1213 2826 1367 2866 agi-avari
1381 2836 1444 2866 per
1457 2827 1550 2868 ipsos
1566 2828 1712 2860 heredes
1729 2829 1784 2860 vel
1800 2839 1944 2862 comune
1962 2829 2097 2863 Mutine
2115 2840 2175 2862 seu
2190 2840 2254 2872 per
2277 2829 2319 2862 50

509 2908 515 2923 ¹
537 2900 557 2932 fi:
578 2909 676 2932 scritto
696 2911 919 2936 mevermtarimn.
1452 2915 1463 2931 ³
1484 2908 1503 2940 Ῠῖ
1525 2920 1624 2943 scritto
1645 2920 1831 2944 wmavilazverit.

507 2948 517 2965 ²
538 2942 559 2974 E
581 2951 682 2975 scritto
702 2953 803 2976 debere.
