2423 3561
444 226 610 262 XXXIV
1148 224 1548 260 lNTRODUZIONE

442 299 2262 309 ..........................................................................................................................................................................................................

443 356 569 391 biamo
596 357 703 399 visto,
733 367 804 389 non
832 355 956 390 soleva
986 356 1052 390 che
1093 360 1296 389 raramente
1337 354 1530 388 esercitare
1570 353 1670 388 l'arte
1699 353 1869 389 notarile:
1899 355 1927 388 si
1956 354 2022 389 che
2063 366 2136 388 non
2172 355 2275 400 parra

444 421 563 456 ardito
591 421 615 456 il
645 433 818 467 supporre
860 422 926 456 che
956 420 1027 466 egli
1056 425 1182 467 questa
1209 420 1311 455 volta
1353 426 1528 466 prestasse
1571 419 1710 466 l’opera
1738 431 1814 464 sua,
1842 432 1916 455 non
1943 420 2003 465 gia
2031 431 2095 466 per
2139 421 2274 465 pratica

442 487 714 534 professionale,
743 499 802 522 ma
830 487 929 534 quasi
958 488 1102 533 pietoso
1132 485 1252 519 ufficio
1281 496 1386 520 verso
1414 485 1448 518 la
1475 485 1626 520 volonta
1654 491 1809 520 estrema
1828 485 1863 519 di
1884 497 1930 520 un
1956 486 2075 520 arnico
2094 491 2273 520 morente.

532 554 608 588 Che
637 553 671 587 le
699 554 871 589 relazioni
900 553 1091 599 personali,
1122 552 1179 586 del
1199 556 1309 594 resto,
1338 556 1391 585 tra
1422 550 1602 585 Giovanni
1624 552 1670 585 da
1687 551 1854 585 Bazzano
1875 563 1894 585 e
1913 551 2100 586 Bonifazio
2125 551 2171 585 da
2189 552 2277 586 Mo-

444 632 531 655 rano
559 620 696 655 fossero
725 620 895 656 anteriori
925 620 943 653 e
972 619 1079 654 facile
1108 618 1299 664 supporlo:
1328 628 1439 652 erano
1468 618 1648 651 entrambi
1677 618 1776 652 notai
1803 618 1841 651 in
1868 617 2042 660 Modena,
2073 618 2172 664 quasi
2200 629 2287 653 coe·
2315 616 2332 647 5

444 686 552 730 tanei,
582 685 776 721 dimoranti
803 687 840 720 in
869 696 949 720 case
979 696 1052 718 non
1079 684 1197 719 molto
1227 683 1370 718 distanti
1399 682 1422 716 l’
1434 694 1502 717 una
1531 682 1722 727 dall'altra‚
1752 695 1772 717 e
1800 695 1865 728 per
1893 683 1930 718 di
1958 684 2017 729 piu
2034 684 2279 730 appassionati

444 753 658 787 ricercatori
686 751 865 788 ambedue
894 751 988 786 delle
1017 750 1194 784 memorie
1223 750 1357 795 patrie3
1385 759 1445 782 ma
1466 748 1576 784 cotali
1594 749 1766 784 relazioni
1786 760 1877 784 sono
1897 754 2062 784 attestate
2083 750 2129 784 da
2148 762 2195 784 un
2215 749 2281 784 do-

447 823 628 861 cumento,
659 818 724 853 che
754 823 915 863 appunto
942 829 1007 863 per
1034 822 1164 863 questo
1193 821 1306 850 mette
1336 820 1445 850 conto
1475 822 1586 849 trarre
1616 814 1684 849 alla
1714 815 1794 849 luce
1811 815 1840 849 ¹:

535 935 573 965 In
597 934 725 967 Christi
741 934 877 966 nomine
892 933 1076 965 Millesimo
1093 932 1331 964 trecentesimo
1348 931 1611 974 quadragesimo
1629 931 1739 972 primo
1757 931 1947 963 Indictione
1964 941 2053 963 nona
2070 932 2125 963 die
2143 932 2279 973 quinto-

449 988 582 1020 decimo
606 988 730 1018 mensis
753 987 946 1019 decenbris.
985 986 1150 1017 Dominus
1173 984 1429 1017 Bonifacius
1453 984 1504 1015 de
1529 983 1706 1015 Morano
1729 990 1988 1025 procurator
2013 990 2051 1016 et
2074 994 2278 1025 procura·
2307 985 2344 1015 10

448 1041 563 1072 torio
593 1040 763 1072 nomine
794 1050 871 1081 pro
903 1039 1073 1071 domino
1102 1038 1295 1080 Johanne
1327 1037 1429 1068 filio
1455 1037 1630 1068 condam
1656 1036 1856 1078 magistri
1881 1036 2094 1068 Guidonis
2127 1037 2176 1068 de
2207 1037 2282 1068 Ba·-

449 1103 551 1135 cano
575 1092 766 1135 barberij
793 1092 929 1133 accepit
952 1092 986 1122 in
1010 1091 1157 1122 solutum
1173 1100 1234 1131 pro
1251 1090 1386 1121 comuni
1411 1088 1544 1120 Mutine
1563 1100 1605 1120 ex
1621 1089 1771 1121 secundo
1788 1089 1928 1121 decreto
1946 1091 2125 1129 contra(m)
2141 1089 2278 1121 Petrum

448 1145 594 1177 condam
613 1145 782 1177 Guidonis
799 1145 843 1176 de
860 1144 1019 1185 Spinellis
1035 1144 1078 1174 de
1097 1143 1238 1174 consilio
1253 1142 1379 1174 domini
1396 1141 1502 1172 Richi
1525 1141 1568 1172 de
1593 1141 1738 1173 Morano
1756 1142 1881 1173 iudicis
1896 1141 2008 1174 ellecti
2032 1142 2076 1173 ad
2101 1143 2281 1174 consulen-

449 1199 528 1229 dum
545 1208 606 1239 per
622 1198 810 1239 sapientem
829 1202 862 1228 et
879 1197 1061 1228 discretum
1078 1195 1185 1226 virum
1203 1194 1377 1225 dominum
1395 1194 1599 1225 Bressanum
1617 1194 1660 1225 de
1677 1194 1884 1225 Chalcharia
1900 1194 2049 1226 iudicem
2070 1200 2102 1225 et
2119 1195 2282 1226 vicarium

453 1250 590 1281 nobillis
606 1256 639 1281 et
662 1249 813 1291 potentis
828 1249 893 1280 viri
911 1248 1038 1281 domini
1062 1247 1191 1280 Gillioli
1209 1248 1252 1278 de
1268 1246 1427 1288 Palacolo
1445 1245 1654 1277 honorabilis
1670 1247 1846 1287 potestatis
1864 1246 2010 1278 civitatis
2026 1246 2159 1278 Mutine
2177 1253 2209 1278 et
2227 1257 2281 1278 ce-
2309 1247 2345 1279 15

448 1309 522 1335 tera
545 1312 659 1334 coram
684 1302 776 1334 dicto
802 1302 940 1334 domino
964 1301 1132 1332 Bressano
1149 1300 1255 1331 iudici
1272 1305 1305 1331 et
1321 1300 1454 1331 vicario
1478 1304 1513 1330 et
1537 1305 1600 1330 cet.
1626 1297 1797 1340 quandam
1823 1299 1957 1340 peciam
1981 1306 2070 1331 terre
2095 1300 2284 1332 clausurate

453 1355 560 1397 posite
585 1355 619 1386 in
636 1361 725 1386 terra
750 1353 870 1386 Sancti
896 1353 1045 1398 §lenonis
1062 1354 1105 1384 de
1121 1353 1227 1384 Lama
1244 1352 1279 1382 in
1296 1353 1370 1383 loco
1388 1352 1483 1384 dicto
1500 1350 1724 1384 Chadelibolo
1749 1352 1918 1383 confinate
1935 1351 1978 1383 ab
2001 1363 2069 1384 uno
2092 1352 2197 1384 latere
2221 1353 2286 1390 via,

451 1407 494 1439 ab
518 1407 584 1438 alio
607 1407 751 1438 heredes
775 1406 921 1438 condam
939 1405 1078 1437 Rodulfi
1096 1405 1138 1436 de
1155 1405 1305 1450 §Ducollis
1323 1411 1356 1435 et
1372 1410 1496 1436 cetera.
1532 1404 1617 1436 Item
1635 1403 1805 1446 quandam
1825 1405 1958 1445 peciam
1975 1411 2064 1436 terre
2081 1405 2226 1446 positam
2249 1405 2283 1436 in

453 1460 545 1492 dicta
560 1459 640 1491 villa
663 1459 697 1490 in
712 1460 792 1490 loco
809 1459 902 1490 dicto
918 1458 1105 1489 Monturito
1123 1457 1291 1488 confinate
1309 1468 1329 1488 a
1345 1457 1475 1488 duobus
1499 1457 1554 1488 vie
1579 1463 1612 1488 et
1637 1463 1700 1488 cet.
1741 1457 1823 1488 Item
1848 1458 2018 1498 quandam
2038 1457 2136 1488 aliam
2153 1457 2286 1498 peciam

455 1511 598 1554 positam
623 1511 657 1542 in
681 1511 775 1543 dicta
798 1510 879 1542 villa
903 1511 936 1541 in
961 1510 1036 1542 loco
1060 1510 1152 1541 dicto
1177 1510 1420 1552 Boschoghece
1446 1510 1651 1541 confinatam
1667 1509 1710 1541 ab
1734 1520 1800 1541 uno
1826 1509 1931 1542 latere
1957 1510 2127 1541 Iohannes
2144 1510 2187 1542 de
2205 1510 2282 1552 Spi-
2307 1512 2348 1542 20

452 1564 552 1597 nellis
568 1564 612 1596 ab
636 1564 703 1595 alio
720 1563 917 1595 Albertinus
934 1563 977 1594 de
995 1562 1207 1594 Schanochis
1224 1568 1256 1593 et
1273 1568 1339 1593 cet.
1355 1573 1417 1603 pro
1436 1562 1552 1594 debito
1569 1568 1603 1593 et
1618 1561 1834 1605 obligacione
1852 1562 2044 1594 medietatis
2060 1563 2158 1594 unius
2173 1563 2284 1594 vache

456 1617 584 1649 elatine
610 1627 687 1648 cum
712 1616 872 1648 cornibus
896 1615 1070 1647 conversis
1095 1620 1128 1646 et
1153 1620 1310 1657 quattuor
1334 1614 1496 1646 librarum
1513 1621 1547 1646 et
1565 1616 1689 1647 decem
1706 1615 1892 1647 solidorum
1916 1615 2048 1647 Mutine
2065 1626 2128 1657 pro
2153 1616 2290 1658 capitali

465 1676 498 1701 et
523 1669 741 1701 extimatione
765 1669 856 1700 dicte
880 1668 1071 1699 medietatis
1095 1668 1184 1699 dicte
1209 1668 1317 1699 vache
1343 1673 1378 1699 et
1400 1678 1462 1709 pro
1487 1668 1686 1709 quindecim
1710 1668 1867 1699 sextariis
1883 1667 2046 1699 turmenti
2070 1679 2132 1710 pro
2149 1668 2296 1701 colatica

461 1722 566 1764 ipsius
589 1721 783 1753 medietatis
807 1721 898 1753 dicte
921 1721 1028 1752 vache
1053 1730 1114 1761 pro
1139 1720 1290 1762 quinque
1307 1720 1402 1751 annis
1426 1727 1460 1752 et
1483 1726 1547 1751 cet.
1566 1726 1600 1751 et
1622 1730 1685 1761 pro
1709 1721 1866 1762 expensis
1890 1721 1994 1753 factis
2027 1727 2061 1752 et
2092 1721 2214 1753 fiendis
2238 1731 2296 1754 oc-

463 1775 609 1807 caxione
633 1774 790 1815 predicta
815 1784 880 1815 que
905 1780 981 1804 sunt
1005 1779 1039 1804 et
1063 1773 1200 1804 suerunt
1223 1774 1373 1814 quinque
1396 1773 1483 1805 libre
1509 1779 1542 1804 et
1567 1773 1765 1815 quindecim
1789 1773 1891 1805 solidi
1914 1774 2046 1805 Mutine
2063 1780 2097 1806 et
2122 1781 2187 1806 cet.
2212 1785 2293 1806 con·
2317 1775 2358 1807 25

464 1833 557 1859 tenta
581 1827 616 1858 in
640 1826 808 1858 sententia
830 1826 911 1857 inde
937 1825 1004 1856 lata
1020 1836 1081 1866 per
1097 1825 1226 1856 dictum
1244 1826 1276 1857 d.
1300 1825 1503 1857 Bressanum
1520 1826 1668 1857 iudicem
1692 1826 1735 1857 de
1758 1826 1901 1858 consilio
1926 1826 2010 1858 dicti
2035 1827 2162 1859 domini
2192 1827 2298 1860 Richi

463 1880 586 1912 iudicis
610 1879 721 1911 ellecti
746 1885 779 1911 et
803 1879 929 1919 scripta
952 1889 1014 1919 per
1037 1878 1198 1910 Iacobum
1222 1878 1264 1910 de
1290 1878 1416 1910 Sancto
1441 1878 1581 1922 Cesario
1612 1878 1778 1910 notarium
1804 1878 1973 1910 dictorum
1998 1879 2031 1910 d.
2055 1879 2233 1920 potestatis
2266 1885 2299 1911 et

463 1932 588 1964 iudicis
604 1932 637 1963 in
654 1932 831 1963 millesimo
848 1931 1089 1962 trecentesimo
1105 1931 1365 1973 quadragesimo
1380 1931 1492 1972 primo
1510 1931 1702 1962 indictione
1721 1941 1810 1962 nona
1827 1931 1882 1962 die
1899 1931 2154 1973 quintodecimo
2167 1932 2294 1964 mensis
2334 1958 2337 1961 .

465 1984 658 2017 decembris
680 1984 812 2015 Mutine
837 1984 872 2014 in
896 1983 1024 2025 palatio
1048 1983 1156 2014 veteri
1181 1983 1335 2014 comunis
1360 1982 1491 2014 Mutine
1516 1983 1732 2024 presentibus
1756 1983 1897 2015 testibus
1922 1984 1954 2016 d.
1980 1984 2086 2016 Paulo
2111 1984 2153 2016 de
2178 1985 2296 2017 Petre-

465 2038 568 2080 canis,
592 2036 764 2068 Berthono
781 2036 824 2067 de
841 2036 997 2067 Bertonis
1014 2041 1048 2067 et
1064 2035 1138 2067 aliis
1155 2042 1190 2067 ut
1206 2036 1296 2067 idem
1312 2036 1465 2067 notarius
1482 2042 1515 2067 et
1531 2036 1623 2067 idem
1640 2036 1672 2067 d.
1690 2036 1860 2068 Iohannes
1875 2036 1957 2067 mihi
1976 2037 2108 2068 notario
2132 2037 2301 2070 dixerunt.
2325 2039 2367 2070 30

468 2089 590 2123 Actum
614 2089 746 2121 Mutine
762 2089 796 2120 in
813 2088 940 2129 palatio
964 2089 1070 2119 veteri
1094 2089 1247 2120 comunis
1270 2088 1401 2120 Mutine
1424 2088 1481 2120 ubi
1504 2089 1556 2120 ius
1571 2088 1726 2121 redditur
1742 2089 1785 2120 ad
1802 2088 1956 2120 dischum
1975 2089 2129 2121 comunis
2153 2089 2298 2128 Mutine,

466 2142 683 2185 presentibus
695 2141 834 2174 testibus
850 2141 996 2172 dominis
1013 2141 1138 2173 Iacobo
1157 2141 1200 2173 de
1219 2141 1396 2178 Grasseffls,
1413 2141 1567 2173 Ventura
1583 2141 1618 2172 di
1634 2141 1866 2183 Testagrossis
1882 2147 1916 2173 et
1929 2141 2013 2173 aliis.
2054 2141 2128 2184 Ego
2145 2142 2300 2174 Yllarius

465 2196 508 2227 de
525 2195 650 2228 Tonsis
664 2194 845 2236 imperialli
862 2193 1061 2225 auctoritate
1077 2194 1229 2225 notarius
1246 2199 1279 2225 et
1296 2203 1386 2225 nunc
1400 2194 1549 2226 notarius
1565 2193 1771 2225 memorialis
1787 2194 1940 2225 comum‘s
1957 2194 2090 2226 Mutine
2105 2195 2244 2238 scripssi
2255 2206 2298 2227 ss.

554 2316 581 2350 Il
612 2315 748 2358 lunedi‚
778 2314 955 2361 adunque,
987 2314 1034 2349 26
1063 2315 1219 2360 germaio
1256 2314 1363 2357 1349,
1405 2314 1589 2350 Giovanni
1626 2315 1673 2350 da
1708 2318 1875 2353 Bazzano
1913 2316 1948 2350 fu
1987 2316 2171 2352 chiamato
2207 2316 2302 2352 nella

469 2393 551 2417 casa
580 2381 639 2416 dei
667 2381 824 2417 Morano
854 2392 873 2414 e
895 2380 930 2414 di
959 2380 982 2414 li
1010 2381 1167 2415 recatosi
1196 2381 1229 2414 al
1250 2380 1372 2415 vicino
1394 2387 1579 2417 convento
1609 2382 1646 2418 di
1674 2382 1746 2418 San
1775 2384 1993 2426 Franceseo,
2013 2382 2061 2417 ivi
2092 2382 2297 2418 nell’infer-
2325 2383 2365 2419 35

466 2448 579 2482 meria
607 2448 677 2483 alla
705 2459 877 2494 presenza
906 2445 942 2481 di
971 2446 1088 2480 alcuni
1110 2446 1189 2481 srati
1206 2459 1225 2482 e
1247 2447 1283 2481 di
1303 2448 1422 2481 alcuni
1443 2448 1630 2483 testimoni
1649 2448 1743 2492 laici,
1766 2449 1860 2483 ebbe
1889 2460 1909 2483 a
1929 2448 2095 2494 redigere
2122 2449 2160 2483 in
2186 2449 2300 2483 forma

468 2513 584 2559 legale
613 2513 862 2560 l’espressione
892 2511 976 2547 dell’
987 2512 1111 2547 ultima
1138 2512 1288 2547 volonta
1318 2512 1377 2546 del
1405 2525 1471 2547 suo
1501 2514 1621 2548 amico
1649 2515 1838 2549 Bonifazio
1867 2515 1913 2549 da
1949 2514 2156 2559 Moran023
2185 2526 2204 2548 e
2241 2516 2302 2562 piu

468 2580 557 2614 mesi
578 2580 613 2615 di
642 2580 715 2626 poi,
744 2578 816 2613 l'll
849 2579 998 2624 giugno‚
1028 2579 1056 2613 si
1076 2581 1162 2614 roco
1183 2586 1429 2614 nuovamente
1450 2591 1574 2625 presso
1593 2580 1618 2614 il
1639 2580 1798 2615 Morano
1816 2592 1882 2627 per
1900 2580 2038 2627 rogarsi
2068 2580 2104 2615 di
2124 2593 2171 2614 un
2199 2581 2303 2616 codi-

468 2645 554 2681 cillo
574 2646 640 2681 che
659 2644 846 2680 Bonifazio
865 2644 964 2679 volle
983 2645 1156 2691 aggiunto
1176 2656 1195 2678 a
1215 2644 1335 2691 quelle
1350 2657 1411 2680 sue
1433 2646 1559 2680 ultime
1587 2646 1736 2682 volonta
1751 2647 1774 2681 3.
1830 2648 2069 2682 Testamento
2089 2658 2109 2680 e
2131 2647 2303 2682 codicillo

469 2723 560 2746 sono
599 2711 763 2758 riportati
792 2712 850 2745 nei
879 2710 1092 2744 Memoriali
1117 2710 1213 2745 nella
1241 2711 1321 2757 loro
1350 2712 1468 2746 forma
1495 2711 1684 2758 integrale,
1714 2724 1786 2746 non
1813 2724 1878 2759 per
1906 2712 2103 2756 riassunt03
2133 2724 2152 2747 e
2182 2725 2203 2748 a
2240 2725 2298 2748 me
2329 2717 2370 2749 40

562 2835 569 2848 ¹
589 2837 678 2866 Alem„
699 2843 722 2859 a.
747 2843 818 2867 ¹34¹·
838 2836 857 2863 I,
879 2845 952 2861 num.
973 2845 1014 2869 43.
1424 2845 1497 2862 uum.
1518 2844 1576 2868 242,
1600 2846 1643 2862 ma
1663 2846 1710 2870 per
1731 2846 1812 2863 mano
1833 2839 1875 2862 del
1903 2840 1999 2863 notaio
2028 2838 2181 2863 Francesco
2201 2840 2235 2863 da
2249 2839 2311 2863 Mo-
2348 2846 2362 2871 5

559 2876 570 2892 ²
590 2879 679 2906 Alem.‚
699 2885 723 2901 a.
746 2885 818 2909 1349.
839 2879 858 2906 Ι,
879 2886 952 2902 num.
975 2886 998 2910 3.
1423 2887 1499 2903 rano.
1531 2880 1637 2903 Dell’11
1660 2882 1766 2911 giugno
1789 2888 1854 2913 1349
1873 2879 1887 2905 ὲ
1907 2888 1943 2904 un
1964 2882 2031 2905 atto.
2052 2881 2095 2904 col
2114 2881 2195 2912 quale
2216 2881 2236 2904 il
2257 2889 2310 2905 me—

560 2918 570 2933 3
591 2921 681 2946 Δίωνι,
701 2928 723 2943 a⁴
742 2927 815 2951 1349,
836 2920 867 2948 11,
884 2928 956 2944 num.
971 2920 1022 2951 506
1037 2934 1067 2938 -—
1083 2920 1125 2944 [Συ
1141 2921 1213 2945 altro
1233 2922 1366 2945 codicillo
1421 2922 1484 2944 dico
1496 2920 1666 2945 Geminiano
1678 2922 1740 2945 Cesi
1757 2924 1778 2945 si
1795 2923 1920 2946 dichiara
1934 2923 2058 2946 debitore
2073 2923 2099 2946 di
2117 2923 2266 2946 Bonifazio
2278 2923 2311 2947 da

475 2961 531 2984 fece
542 2962 588 2992 poi
602 2961 748 2985 Bonifazio
760 2961 795 2985 da
809 2961 927 2985 Murano
941 2962 958 2985 il
976 2969 990 2993 3
1006 2962 1104 2993 luglio,
1118 2963 1207 2990 Mem„
1219 2969 1242 2986 a.
1260 2969 1333 2995 1349,
1348 2963 1367 2989 Ι,
1422 2963 1540 2988 Morano
1552 2971 1599 2996 per
1613 2964 1664 2988 lire
1678 2969 1726 2995 150
1741 2965 1768 2988 di
1784 2964 1903 2989 Modena
1915 2974 1920 2993 ;
1932 2965 2054 2994 Alcm.,a.
2066 2971 2139 2996 1349,
2149 2964 2182 2993 ΙΙ,
2194 2963 2242 2988 n.⁰.
2254 2970 2311 2997 507.
