2423 3561
49 542 66 573 υι

28 789 65 820 10

26 1033 63 1067 15

22 1410 64 1440 20

18 1737 59 1770 25

19 2069 61 2100 30

23 2397 62 2429 35

20 2731 62 2761 40

813 199 869 235 IN
870 198 1087 234 TRODUZ
1090 198 1214 234 IONE

408 332 506 364 Cron.
530 332 660 375 striga.
668 344 678 364 :

98 404 262 436 imperabat.
300 403 403 427 Eodem
423 406 548 435 tempore
568 404 593 427 d.
614 404 694 428 miles
721 411 766 427 seu
791 411 872 435 eques
897 405 985 427 Bona—

96 454 204 476 cursius
225 452 257 476 de
283 452 498 477 Montecuccolo
524 456 550 476 et
570 453 596 476 d.
617 453 780 477 Manfredus
800 454 832 477 de
851 453 911 477 Piis
925 461 985 477 cum

97 501 231 525 Grasulfis
251 501 376 533 expulsis
401 501 434 525 de
461 503 578 525 civitate
605 502 713 525 Mutine
738 504 765 525 et
792 510 852 525 cuin
877 501 985 526 auxilio

95 550 210 573 illorum
231 549 263 573 de
283 549 484 573 Lambertaciis
511 550 543 573 de
563 550 692 573 Bononia
717 558 776 573 cuni
799 551 986 582 septingentis

95 599 236 630 equitibus
257 599 369 622 iverunt
395 599 428 622 ad
456 598 670 622 succorrendum
697 601 723 622 et
751 599 888 622 auxilium
909 606 985 631 prae-

96 648 225 672 standum
245 648 337 671 castro
355 646 465 670 Montis
502 647 632 673 Vallarii.
654 650 683 671 ut
707 656 789 679 supra
810 649 949 672 obsessum
972 656 986 671 a

95 695 303 720 Mutinensibus
323 703 384 719 cum
404 696 514 719 auxilio
534 703 629 719 eorum
650 696 682 719 de
702 697 803 726 quibus
823 704 913 727 supra.
952 696 986 720 Et

94 745 123 768 in
145 745 208 768 loco
229 744 277 775 qui
303 744 409 768 dicitur
434 743 591 768 Canoveua
611 744 644 768 ad
665 745 772 768 radices
793 745 900 768 Montis
920 745 985 769 Val-

94 793 158 817 larii
180 799 274 817 versus
288 792 425 816 Guilliam
446 793 583 824 proelium
605 795 786 826 asperrimum
802 794 874 817 inter
894 796 986 824 partes

93 844 169 875 ipsas
189 843 244 866 suit
264 843 451 871 commissum,
471 844 544 873 quod
566 850 652 874 usque
677 844 711 866 ad
734 842 852 865 mediam
875 845 984 866 noctem

93 891 215 919 duravit,
236 893 333 915 neutra
348 892 469 924 partium
491 892 693 915 succumbente.
732 892 926 914 Verumtamen
943 899 985 915 ca-

93 942 181 964 strum
200 940 308 964 Montis
328 940 446 964 Vallarii
469 941 661 971 supradictum
681 947 729 972 per
749 941 922 964 deditionem
943 948 985 964 ca-

93 989 171 1018 ptum
192 987 247 1011 suit
265 994 314 1018 per
333 987 515 1015 Mutinenses,
536 987 583 1010 sed
609 994 666 1010 non
689 988 750 1010 sine
776 988 902 1018 ipsorum
923 995 985 1012 san-

93 1037 178 1067 guine
197 1037 224 1059 et
243 1036 356 1065 damno,
376 1038 457 1066 atque
478 1035 658 1059 destructum.

1270 331 1435 364 MORANO
1458 341 1480 363 E
1503 332 1696 363 BAzzAno:

1041 403 1147 426 Bravus
1167 404 1199 426 (16
1221 402 1320 426 Bravis
1345 404 1372 427 ct
1397 403 1450 426 filii
1469 403 1600 434 Jacopini
1621 405 1648 427 et
1667 402 1877 426 Aldrovandini
1898 402 1930 425 de

1042 451 1162 475 Gomola
1181 453 1208 475 et
1229 452 1309 475 multi
1332 452 1380 475 alii
1404 452 1514 475 nobiles
1533 454 1560 476 et
1581 452 1663 483 probi
1678 452 1733 475 viri
1747 453 1804 475 tam
1825 451 1930 474 milites

1041 507 1122 532 quam
1138 501 1245 531 pedites
1256 508 1317 524 cum
1328 508 1423 525 eorum
1437 502 1577 532 potestate
1592 502 1618 525 d.
1631 500 1794 525 Gulelmino
1805 500 1838 523 de
1851 500 1930 523 Mon-

1041 549 1213 573 tevelio....
1233 549 1290 572 Nec
1310 556 1468 572 succursum
1488 556 1536 580 per
1556 557 1634 580 quem
1654 550 1794 573 exercitus
1816 549 1931 580 impedi-

1042 599 1117 621 retur
1135 598 1235 621 habere
1249 600 1409 629 potuerunt⁷
1424 598 1491 622 licet
1505 598 1636 622 dominus
1650 598 1813 622 Mansredus
1827 598 1860 621 de
1874 597 1932 620 Piis

1041 653 1101 669 cum
1122 646 1147 669 d.
1163 646 1336 669 Bonacursio
1351 646 1383 669 cle
1399 646 1596 669 Montecuculo
1611 647 1637 669 et
1653 644 1788 669 Grasulfis
1802 645 1934 668 omnibus

1041 694 1106 718 aliis
1126 694 1261 726 expulsis,
1287 702 1348 717 cum
1375 693 1542 718 soldaderiis
1570 695 1724 718 teutonicis
1744 696 1770 717 et
1793 694 1933 718 militibus

1041 745 1073 768 de
1102 743 1212 774 Tuscia,
1242 751 1303 768 cum
1335 744 1465 768 ducentis
1495 744 1637 768 militibus
1668 744 1870 768 Lambertaciis
1902 745 1934 768 de

1040 793 1179 820 Bononia,
1201 794 1281 816 iuxta
1300 793 1392 816 locum
1419 793 1469 823 qui
1493 793 1598 816 dieitur
1617 791 1784 819 Canevacia.
1806 793 1934 821 fuissent,

1041 843 1213 865 unanimiter
1232 842 1307 865 ultra
1328 842 1500 873 septingenti
1523 842 1629 865 milites
1648 849 1699 874 pro
1723 842 1848 865 subsidio
1875 849 1934 872 pre-

1042 939 1104 963 iulii
1126 947 1173 970 per
1193 940 1250 962 vim
1271 940 1383 970 captum
1403 940 1431 962 et
1451 939 1626 962 combustum
1646 938 1845 970 palanchatum
1864 940 1933 963 dicti

1039 989 1125 1012 castri
1139 990 1166 1012 et
1180 988 1225 1011 die
1239 989 1379 1011 dominice
1394 989 1525 1019 proxImo
1539 989 1664 1018 seguenti
1686 995 1734 1019 per
1754 988 1934 1012 concordiam

1040 1036 1127 1059 salvis
1148 1036 1275 1068 personis
1296 1035 1351 1059 fuit
1371 1035 1498 1059 habitum
1521 1037 1703 1059 memoratum
1725 1037 1854 1059 castrum.

178 1137 235 1172 La
262 1137 398 1171 notizia
427 1135 484 1171 dal
520 1135 616 1170 1262
646 1137 665 1170 e
695 1135 779 1170 data
808 1147 877 1171 con
905 1142 1006 1171 tanta
1034 1136 1268 1183 somiglianza
1296 1137 1354 1171 nei
1383 1136 1453 1171 due
1473 1137 1555 1172 testi
1576 1137 1643 1173 che
1663 1138 1683 1171 e
1703 1136 1851 1172 difficile
1872 1150 1935 1173 ne-

88 1214 175 1249 gare
203 1202 372 1250 qualsiasi
400 1207 575 1248 rapporto
603 1202 656 1236 fra
686 1200 723 1236 di
753 1203 840 1246 essi3
870 1214 929 1238 ma
948 1204 972 1237 il
992 1208 1165 1249 rapporto
1194 1215 1267 1237 non
1297 1203 1316 1236 6
1346 1202 1496 1238 diretto:
1528 1202 1608 1236 anzi
1637 1202 1698 1237 nel
1727 1203 1932 1248 frignanese

91 1269 262 1304 abbiamo
291 1281 338 1303 un
368 1268 655 1314 atteggiamento
689 1268 855 1303 stilistico
895 1267 980 1317 (non
1008 1270 1084 1304 εἰη(
1111 1267 1267 1314 auxilio)
1300 1269 1365 1303 che
1394 1267 1431 1302 di
1460 1268 1577 1303 fronte
1619 1268 1686 1302 alla
1730 1270 1937 1317 corrispon-

92 1334 200 1370 dente
228 1335 320 1370 frase
350 1334 408 1369 del
436 1333 636 1369 modenese
666 1332 764 1382 (cum
792 1332 949 1379 auxilio)
977 1340 1112 1370 mostra
1141 1347 1189 1369 un
1217 1335 1391 1370 ulteriore
1411 1346 1584 1380 processo
1604 1334 1640 1369 di
1662 1334 1935 1382 elaborazione3

92 1402 168 1436 cosi
197 1401 231 1435 ci
260 1401 279 1434 ὲ
309 1400 513 1435 consentito
543 1399 578 1433 di
616 1401 772 1435 ritenere
810 1412 883 1435 non
914 1401 973 1447 gia
1002 1402 1068 1436 che
1089 1401 1114 1435 il
1143 1402 1299 1436 cronista
1328 1401 1532 1446 frignanese
1561 1401 1668 1436 abbia
1699 1402 1847 1447 copiato
1876 1402 1934 1437 dal

1763 1468 1833 1503 Cio
1875 1469 1935 1504 del

87 1539 187 1568 resto
215 1534 235 1567 ὲ
262 1532 473 1568 raffermato
503 1532 560 1566 dal
590 1533 785 1568 confronto
815 1534 867 1568 fra
895 1534 929 1568 16
951 1535 1021 1569 (1116
1051 1534 1255 1568 narrazioni
1285 1532 1518 1567 dell'assedio
1540 1532 1586 1567 de
1607 1532 1738 1568 Monte
1767 1533 1935 1570 Vallario

88 1466 296 1510 modenese,
326 1477 385 1500 ma
422 1466 487 1500 che
525 1466 706 1501 entrambi
734 1466 906 1502 abbiamo
944 1468 1041 1503 avuti
1078 1467 1258 1502 sottocchi
1286 1479 1355 1501 una
1397 1468 1496 1502 fonte
1539 1478 1707 1501 comune.

85 1598 145 1634 del
180 1598 298 1643 1266;
328 1599 386 1633 nei
417 1597 487 1632 due
515 1600 683 1633 racconti
713 1599 829 1634 infatti
858 1601 887 1634 si
915 1599 1126 1634 succedono
1156 1611 1227 1634 con
1257 1600 1293 1633 10
1320 1604 1434 1634 stesso
1463 1598 1592 1633 ordine
1622 1598 1654 1633 le
1691 1599 1756 1634 fasi
1794 1600 1936 1636 dell’as-

86 1665 207 1700 sedio:
237 1665 451 1711 spedizione
480 1664 539 1698 dei
568 1664 764 1700 Modenesi
795 1677 814 1699 e
844 1665 924 1700 loro
952 1665 1075 1700 alleati
1118 1671 1247 1700 contro
1275 1665 1300 1699 il
1339 1665 1490 1700 castello
1500 1676 1510 1710 ;
1552 1666 1836 1701 enumerazione
1875 1667 1935 1702 dei

89 1731 284 1776 difensori3
312 1742 487 1766 soccorso
517 1736 663 1776 portato
692 1731 765 1777 agli
795 1731 964 1766 assediati
994 1731 1052 1766 dal
1081 1731 1147 1766 Pio
1176 1743 1196 1767 e
1217 1732 1275 1766 dal
1306 1731 1602 1776 Montecuecoli3
1622 1732 1646 1766 il
1667 1732 1837 1768 conflitto
1865 1733 1935 1767 3113

86 1796 289 1832 Canovella
317 1809 340 1830 0
370 1797 620 1842 Canevaccia3
649 1797 685 1830 la
713 1808 793 1831 resa
822 1797 881 1831 del
912 1797 1078 1833 castello.
1133 1798 1206 1832 Nei
1233 1798 1442 1844 particolari
1463 1799 1553 1844 pero
1569 1799 1597 1833 si
1617 1799 1738 1833 hanno
1767 1799 1862 1834 delle
1882 1799 1937 1834 di-

84 1874 277 1909 vergenze‚
308 1863 341 1897 le
371 1862 470 1910 quali
499 1868 590 1898 tutte
620 1863 814 1898 sembrano
843 1863 980 1899 risalire
1009 1875 1029 1898 a
1052 1865 1164 1899 errori
1186 1863 1222 1898 (11
1241 1864 1387 1899 lettura:
1411 1867 1484 1898 cosi
1506 1863 1600 1899 nella
1620 1876 1777 1900 cronaca
1801 1866 1936 1912 frigna-

84 1930 171 1972 nesi,
199 1929 223 1964 il
253 1929 311 1963 cui
341 1934 466 1964 autore
496 1929 644 1964 doveva
675 1941 783 1965 avere
812 1930 835 1964 11
865 1930 1035 1976 pensiero
1065 1931 1099 1965 ai
1130 1929 1417 1974 Montecuccoli‚
1448 1931 1467 1963 e
1498 1929 1585 1964 dato
1613 1941 1678 1975 per
1700 1931 1856 1976 podesta
1876 1932 1935 1966 dei

89 1995 287 2030 Ghibellini
316 1995 500 2030 estrinseci
532 1994 784 2040 Gnglielmino
815 1996 861 2030 da
889 1996 1181 2031 Montecuecolo
1211 1997 1341 2030 invece
1371 1995 1407 2029 di
1436 1995 1684 2042 Guglielmino
1711 1996 1759 2032 da
1787 1997 1937 2032 Monte-

88 2060 224 2107 veglio‚
254 2072 362 2095 come
381 2060 418 2094 fu
436 2065 649 2095 veramente
659 2070 669 2104 3
699 2059 824 2095 l'aiuto
854 2062 914 2096 dei
935 2062 1197 2096 Lambertazzi
1225 2062 1291 2096 che
1322 2061 1355 2095 fu
1377 2061 1412 2095 di
1433 2066 1639 2096 settecento
1668 2062 1854 2107 cavalieri,
1882 2075 1938 2099 se·-

87 2127 210 2162 condo
238 2127 336 2161 l'una
366 2137 534 2170 cronaca,
565 2127 584 2160 ὲ
614 2126 793 2161 nell’altra
820 2128 984 2163 indicato
1014 2140 1121 2163 come
1150 2128 1184 2163 di
1215 2129 1390 2173 dugento‚
1422 2128 1509 2162 cifra
1539 2129 1600 2173 piu
1643 2129 1870 2165 verosimile:
1902 2129 1936 2164 la

86 2193 237 2228 localita
266 2192 324 2227 del
354 2193 520 2228 conffltto
552 2194 571 2227 e
601 2192 703 2228 detta
732 2193 889 2228 nell⁷una
919 2195 1130 2239 Canovella,
1151 2194 1329 2229 nell’altra
1358 2194 1604 2238 Canevaccia3
1633 2206 1692 2229 ma
1720 2194 1755 2229 13
1780 2207 1936 2231 cronaca

87 2259 295 2305 frignanese
324 2259 465 2305 precisa
494 2260 560 2293 che
591 2271 655 2293 era
674 2270 694 2293 a
714 2260 954 2295 settentrione
975 2261 1010 2294 di
1034 2261 1167 2295 Monte
1187 2260 1351 2295 Vallario
1372 2272 1481 2294 verso
1502 2261 1662 2306 Guiglia.
1719 2262 1852 2297 Anche
1873 2263 1935 2308 qui

87 2325 255 2371 adunque
285 2325 457 2359 abbiamo
489 2324 525 2358 lo
554 2330 669 2360 stesso
699 2336 794 2367 caso,
827 2337 896 2359 11113
927 2327 1027 2361 fonte
1058 2339 1215 2362 comune
1244 2327 1481 2361 liber-amente
1510 2326 1722 2374 adoperata.

181 2391 356 2438 Seguono
384 2391 480 2425 nella
510 2402 666 2426 cronaca
695 2391 899 2437 frignanese
920 2393 1053 2427 notizie
1085 2393 1183 2438 degli
1203 2392 1283 2426 anni
1310 2392 1418 2435 1268,
1448 2391 1557 2436 1275,
1585 2394 1679 2428 1288
1703 2405 1722 2427 6
1749 2393 1842 2431 1297
1867 2395 1934 2430 6116

87 2469 179 2493 sono
206 2458 424 2501 sconsciute,
455 2458 554 2503 quasi
584 2457 642 2491 del
670 2463 778 2501 tutto,
807 2457 877 2491 alle
906 2459 1089 2493 cronache
1117 2459 1325 2493 modenesi:
1355 2458 1471 2493 infatti
1500 2470 1564 2503 per
1592 2458 1616 2492 il
1652 2458 1761 2503 1268,
1791 2466 1934 2495 mentre

87 2524 113 2559 il
137 2522 272 2558 Chron.
289 2523 428 2571 Frign.
446 2522 491 2557 (13
510 2524 645 2557 notizia
674 2523 1017 2570 particolareggiata
1035 2525 1180 2559 intorno
1201 2535 1220 2558 a
1240 2536 1309 2558 una
1329 2523 1538 2570 spedizione
1560 2524 1758 2560 modenese
1778 2525 1836 2561 nel
1858 2527 1936 2562 Fri-

87 2601 208 2637 gnano
238 2596 369 2624 contro
398 2589 560 2624 Guidino
591 2589 636 2623 da
664 2589 965 2633 Montecuccolo,
996 2590 1097 2625 finita
1127 2603 1196 2625 con
1225 2591 1258 2624 13
1282 2590 1453 2625 sconfitta
1473 2590 1532 2624 dei
1552 2590 1749 2626 Modenesi
1770 2604 1789 2626 e
1809 2592 1936 2628 l'ucci-

88 2656 191 2692 sione
219 2655 278 2691 dei
307 2655 378 2690 due
408 2655 488 2701 capi
517 2654 615 2689 della
645 2654 868 2701 spedizione,
900 2655 993 2691 nella
1022 2656 1222 2692 tradizione
1252 2656 1447 2692 cronistica
1474 2656 1673 2692 modenese
1704 2658 1723 2691 e
1751 2658 1936 2693 ricordata

89 2721 122 2756 al
156 2721 252 2756 1268
282 2721 482 2756 solamente
510 2732 580 2755 una
621 2720 834 2767 spedizione
878 2727 1004 2756 contro
1033 2722 1057 2756 il
1087 2722 1239 2757 castello
1268 2721 1304 2755 di
1341 2721 1533 2766 Brandola‚
1562 2722 1820 2758 incominciata
1856 2724 1935 2759 anzi

88 2787 211 2822 l'anno
239 2787 463 2833 precedente
482 2799 547 2833 per
567 2788 747 2822 scacciare
777 2788 787 2821 i
811 2787 972 2822 Grasolfi
993 2788 1059 2822 che
1081 2789 1115 2822 vi
1136 2789 1165 2823 si
1184 2799 1298 2824 erano
1318 2787 1488 2833 n'fugiati.
1545 2788 1658 2823 Forse
1680 2789 1691 2823 i
1721 2788 1792 2824 due
1821 2801 1935 2824 avve-

88 2854 241 2888 nimenti
270 2864 363 2888 sono
382 2854 419 2887 in
448 2852 631 2889 relazione
652 2854 743 2888 assai
764 2859 909 2898 sti-etta3
929 2865 988 2887 ma
1010 2853 1043 2887 le
1064 2854 1266 2889 nari-azioni
1287 2853 1382 2888 delle
1403 2853 1473 2888 due
1493 2854 1675 2888 cronache
1695 2867 1786 2889 sono
1808 2855 1933 2891 affatto

89 2918 352 2964 indipendenti.
409 2919 514 2954 Onde
544 2920 738 2965 attingesse
767 2920 791 2954 il
815 2920 974 2955 cronista
1002 2919 1204 2966 frignancse
1225 2921 1258 2954 13
1279 2921 1417 2955 notizia
1436 2920 1704 2957 clell’attentato
1725 2934 1931 2957 commesso
