2423 3561
51 791 87 822 10

50 1053 86 1085 15

47 1316 88 1346 20

52 1577 92 1609 25

53 1843 95 1873 30

54 2104 94 2137 35

56 2368 97 2398 40

56 2629 96 2661 45

59 2892 100 2925 50

822 167 1221 216 INTRODUzloN'E
1809 180 1939 214 xxxr

196 319 233 349 In
258 316 385 349 Christi
410 314 545 347 nomine
562 324 661 345 amen
685 324 773 344 anno
804 324 824 343 a
852 313 1027 344 nativitate
1052 312 1203 343 eiusdem
1227 311 1410 342 Millesimo
1434 311 1696 343 Trecentesimo
1721 310 1940 353 Sexagcsimo

110 370 272 408 secundo,
297 368 483 399 indictione
509 366 774 408 quintadecima,
809 366 864 396 die
896 365 1085 406 penultimo
1116 365 1240 395 mensis
1273 364 1475 396 decembris.
1522 368 1550 397 (Ι
1583 364 1738 395 dominus
1770 363 1940 394 Iohannes

111 425 196 456 filius
220 422 390 464 quondam
408 419 468 451 dni
486 419 653 451 Guidonis
671 419 713 449 de
732 419 880 459 Bacano,
898 417 991 449 Civis
1008 423 1101 454 mut„
1120 418 1163 448 de
1180 416 1403 458 cinquantina
1419 416 1545 448 Sancte
1563 415 1671 447 Marie
1689 416 1731 447 de
1750 415 1939 451 Assidffius,

110 487 172 518 per
195 486 231 506 se
255 481 289 505 et
313 484 390 505 suos
414 472 568 508 heredes,
594 471 711 502 volens
735 470 834 501 saluti
860 470 970 501 anime
994 480 1052 500 sue
1077 469 1264 501 secundum
1293 469 1470 500 facultates
1485 479 1562 499 suas
1586 468 1843 509 presencialiter
1860 479 1940 508 pro-

110 529 226 561 videre
250 534 282 558 et
306 526 498 557 Ecclesiam
523 524 642 556 Sancti
659 524 752 555 Luce
770 523 989 565 Evangeliste
1007 523 1050 553 de
1066 522 1199 553 Mutina
1217 522 1357 553 doctare
1381 522 1454 552 iure
1479 522 1617 562 proprio
1642 527 1676 551 et
1692 521 1938 561 imperpetuum

110 582 206 614 dedit
229 578 370 611 tradidit
395 584 429 609 et
453 577 595 609 donavit
617 587 702 617 pure
728 576 833 607 libere
857 575 1060 616 simpliciter
1085 581 1117 605 et
1140 574 1418 606 inrevocabiliter
1448 574 1537 605 inter
1560 574 1654 605 vivos
1679 573 1778 604 fratri
1802 573 1942 604 Matheo

110 635 152 665 de
178 634 210 664 la
233 633 288 663 via
311 630 486 673 preposito
509 629 579 661 loci
605 628 747 670 capituli
771 635 805 659 et
829 633 1018 660 conventus
1041 627 1184 658 fratrum
1208 627 1473 658 humilliatorum
1497 626 1540 657 de
1564 626 1698 657 Mutina
1722 626 1769 657 ibi
1793 626 1942 667 presenti

110 693 145 718 et
168 687 200 717 in
226 686 298 717 eius
322 683 476 715 manibus
500 681 678 723 recipienti
704 692 763 712 suo
787 681 925 712 nomine
949 686 982 711 et
1006 680 1081 710 vice
1106 680 1190 710 dicti
1215 686 1403 710 conventus
1428 679 1598 710 dictorum
1622 679 1765 709 fratrum
1790 683 1823 708 et
1839 678 1943 718 ipsius

111 737 268 769 Ecclesie
292 740 326 766 et
350 745 411 776 pro
436 735 504 765 suis
528 733 781 765 successoribus
806 732 977 774 quoddam
1002 732 1260 764 Cassamentum
1284 741 1347 773 pro
1371 738 1466 772 parte
1491 741 1568 762 cum
1594 731 1697 762 domo
1721 736 1756 761 et
1779 730 1941 761 hedificio

112 795 347 832 superestante
372 793 407 818 et
430 797 493 828 pro
517 792 614 827 parte
640 796 784 817 vacuum
809 786 956 826 positum
981 786 1016 815 in
1043 785 1180 816 civitate
1204 783 1337 815 Mutine
1362 784 1396 814 in
1421 783 1653 825 Cinquantina
1678 782 1796 814 Sancti
1827 782 1945 813 Iacobi

111 843 318 874 confinatum
343 840 385 871 ab
410 850 476 870 uno
501 840 608 870 latere
632 844 736 870 strata
761 843 934 869 contracte
967 836 1044 868 Rue
1069 838 1111 868 de
1136 847 1232 868 muro
1256 836 1298 867 ab
1323 836 1389 868 alio
1412 837 1538 867 flumen
1563 836 1687 867 Cirche
1712 841 1746 866 et
1771 846 1790 866 a
1813 835 1945 866 duobus

109 895 273 927 lateribus
297 893 485 934 capitulum
510 898 545 923 et
569 897 758 923 conventus
782 891 924 922 fratrum
950 890 1202 921 humiliatorum
1226 889 1268 920 de
1293 888 1427 920 Mutina
1444 889 1488 919 ad
1507 889 1597 918 hunc
1615 888 1799 919 tenendum
1817 893 1852 918 et
1868 898 1946 928 pos-

111 948 292 979 sidendum
318 952 353 977 et
377 945 541 988 quicquid
566 945 659 976 dicto
683 943 782 974 fratri
807 944 958 984 Mapheo
983 942 1145 974 fratribus
1168 948 1202 973 et
1225 941 1408 973 conventui
1432 947 1465 972 et
1489 941 1635 972 ecclesie
1660 946 1694 971 et
1725 950 1841 971 eorum
1871 949 1947 970 suc-

111 999 299 1032 cessoribus
317 1000 481 1040 deinceps
496 1003 664 1039 perpetuo
688 997 857 1038 placuerit
874 996 1072 1028 faciendum
1089 1006 1166 1027 cum
1185 994 1341 1026 omnibus
1358 1000 1392 1025 et
1408 993 1553 1035 singulis
1569 1004 1634 1035 que
1659 993 1750 1024 infra
1772 992 1947 1033 predictos

113 1053 329 1086 continentur
353 1051 504 1083 confines
527 1051 581 1081 vel
600 1050 703 1091 aliqui
719 1049 746 1080 si
762 1050 820 1090 qui
845 1049 959 1080 forent
983 1047 1236 1079 accessionibus
1252 1053 1286 1078 et
1303 1045 1497 1088 egressibus
1513 1046 1581 1077 suis
1605 1055 1711 1086 usque
1728 1046 1761 1075 in
1780 1046 1869 1076 viam
1886 1055 1948 1085 pu-

112 1106 235 1138 blicam
253 1111 287 1136 et
305 1115 381 1135 cum
399 1104 556 1135 omnibus
573 1109 607 1134 et
624 1102 765 1144 singulis
781 1111 847 1143 que
866 1101 959 1132 dicta
972 1111 1026 1131 res
1042 1101 1091 1131 sic
1107 1099 1230 1131 donata
1246 1099 1351 1130 habet
1367 1109 1469 1139 super
1485 1109 1519 1129 se
1537 1099 1589 1129 vel
1614 1098 1705 1129 infra
1722 1108 1757 1129 se
1775 1106 1835 1128 seu
1858 1097 1948 1127 intra

113 1169 147 1189 se
172 1159 207 1188 in
230 1158 401 1199 integrum
426 1156 585 1196 omnique
610 1155 681 1185 iure
707 1161 741 1185 et
765 1155 911 1190 actione,
936 1164 997 1184 usu
1021 1163 1080 1184 seu
1105 1153 1333 1194 occupatione
1358 1151 1420 1182 sibi
1445 1161 1486 1182 ex
1511 1161 1550 1182 ea
1575 1150 1628 1181 vel
1652 1160 1714 1191 pro
1739 1161 1779 1181 ea
1803 1156 1860 1181 aut
1885 1149 1948 1190 ipsi

112 1211 163 1242 rei
181 1211 306 1242 donate
330 1209 431 1240 modo
456 1208 570 1250 aliquo
595 1208 802 1248 pertinente.
849 1206 905 1238 Ad
928 1207 996 1237 hoc
1020 1212 1057 1237 ut
1080 1207 1153 1247 ipse
1178 1205 1285 1236 frater
1308 1204 1478 1245 Mapheus
1501 1213 1562 1244 pro
1587 1213 1622 1234 se
1639 1209 1673 1234 et
1697 1203 1789 1234 dicto
1807 1202 1945 1233 nomine

113 1269 147 1295 et
170 1262 220 1294 sui
256 1271 471 1294 successores
503 1261 635 1292 dictum
670 1264 917 1291 cassamentum
951 1259 1088 1290 domum
1119 1265 1152 1289 et
1183 1257 1378 1289 hedificium
1411 1256 1453 1287 de
1486 1262 1602 1287 cetero
1635 1255 1765 1296 possint
1796 1254 1949 1286 vendere

112 1320 305 1356 permutare
331 1313 503 1344 cambiare
530 1311 735 1343 beneficium
761 1311 970 1342 constituere
995 1316 1029 1341 et
1045 1310 1216 1347 ordinare,
1241 1309 1423 1340 ecclesiam
1448 1309 1589 1340 doctare
1615 1314 1649 1340 et
1665 1308 1851 1349 hospitalia
1868 1317 1950 1339 cou-

113 1373 241 1399 struere
259 1372 360 1408 prout
376 1366 424 1397 eis
441 1365 616 1396 videbitur
632 1370 665 1395 et
682 1364 858 1405 placuerit.
877 1363 920 1394 Et
937 1364 1021 1395 fecit
1038 1363 1211 1394 constituit
1227 1369 1261 1393 et
1278 1362 1449 1394 ordinavit
1466 1362 1594 1393 dictum
1608 1362 1748 1392 fratrem
1762 1360 1951 1401 Mapheum

113 1419 302 1461 capitulum
328 1424 362 1450 et
386 1424 592 1450 conventum
617 1424 876 1458 procuratorem
899 1422 1072 1458 tamquam
1100 1416 1135 1446 in
1160 1426 1230 1446 rem
1256 1425 1348 1446 suam
1375 1419 1408 1445 et
1432 1424 1562 1455 ponens
1587 1424 1646 1445 eos
1670 1413 1834 1444 inlocum
1857 1422 1951 1443 suum

113 1472 160 1503 ita
191 1473 284 1514 quod
315 1471 444 1512 possint
467 1481 527 1501 sua
558 1470 695 1510 propria
727 1469 930 1500 auctoritate
957 1468 1093 1510 ingredi
1119 1474 1273 1499 tenutam
1296 1473 1331 1498 et
1355 1466 1565 1508 corporalem
1591 1466 1840 1507 possessionem
1865 1464 1948 1497 dicti

115 1525 319 1557 cassamenti
351 1529 385 1554 et
417 1524 538 1555 domus
562 1529 596 1554 et
620 1523 646 1553 si
679 1532 781 1564 quam
806 1521 933 1552 habent
957 1522 999 1552 de
1032 1527 1148 1552 cetero
1174 1520 1322 1552 retinere
1347 1526 1381 1551 et
1405 1520 1498 1557 quod
1522 1519 1706 1550 admodum
1730 1529 1792 1550 suo
1816 1519 1951 1550 nomine

117 1577 308 1609 actionibus
339 1576 479 1608 utilibus
510 1582 543 1607 et
572 1575 712 1606 directis
743 1575 877 1616 possint
909 1575 1140 1615 predictorum
1173 1574 1361 1606 occaxione
1393 1573 1558 1604 adversus
1590 1582 1813 1614 quoscunque
1846 1580 1949 1613 agere

115 1631 265 1672 experiri
290 1631 466 1671 exciperet
490 1629 659 1670 replicare
684 1627 847 1670 consequi
872 1633 904 1658 et
927 1638 962 1658 se
986 1627 1083 1663 tueri,
1109 1633 1143 1658 et
1167 1626 1280 1657 omnia
1309 1632 1342 1657 et
1373 1625 1504 1667 singula
1528 1625 1644 1655 facere
1677 1635 1743 1666 que
1767 1624 1952 1655 admodum

116 1683 187 1724 ipse
212 1683 368 1714 dominus
392 1682 561 1713 Iohannes
585 1681 701 1712 facere
726 1687 848 1721 posset.
898 1680 972 1711 Nec
998 1690 1065 1711 non
1089 1680 1203 1711 dando
1227 1685 1261 1710 et
1289 1678 1516 1710 concedendo
1542 1678 1653 1709 eidem
1678 1677 1777 1708 fratri
1801 1677 1953 1718 Mapheo

123 1735 302 1777 stipulanti
329 1745 346 1765 e
372 1735 557 1776 recipienti
580 1740 616 1764 ut
639 1744 741 1774 supra
765 1733 862 1764 titulo
887 1733 977 1764 dicte
1003 1732 1197 1764 donationis
1221 1731 1335 1763 omnia
1359 1731 1432 1761 iura
1456 1736 1490 1761 et
1515 1730 1667 1761 actiones
1684 1730 1793 1761 reales
1818 1735 1852 1760 et
1875 1739 1952 1770 per-

118 1788 252 1820 sonales
268 1789 368 1819 utiles
394 1793 429 1819 et
456 1787 605 1819 directas
628 1787 742 1818 mistas
766 1785 1082 1818 consuetudinarias
1099 1791 1132 1816 et
1148 1784 1293 1816 affictum
1313 1790 1346 1816 et
1371 1793 1590 1825 quascunque
1615 1783 1699 1814 alias
1722 1793 1788 1824 que
1813 1788 1847 1814 et
1871 1793 1953 1824 quas

118 1840 222 1872 habet
245 1841 301 1872 vel
325 1840 478 1872 habebat
502 1841 557 1870 vel
582 1839 708 1870 habere
732 1845 847 1880 posset
880 1845 997 1870 contra
1028 1848 1106 1869 suos
1137 1843 1294 1868 auctores
1318 1843 1351 1867 et
1376 1836 1409 1866 in
1436 1835 1534 1867 bonis
1558 1835 1622 1867 sibi
1647 1835 1740 1867 dicta
1764 1836 1953 1867 occaxione

119 1893 300 1936 obbligatis
324 1900 357 1924 et
381 1893 488 1925 voluit
512 1899 546 1923 et
570 1892 744 1923 mandavit
768 1901 811 1923 ex
843 1902 933 1923 nunc
966 1892 1058 1932 quod
1091 1890 1279 1922 dominium
1311 1895 1346 1920 et
1377 1889 1544 1931 possessio
1577 1888 1660 1920 dicti
1686 1889 1889 1920 cassamenti
1914 1896 1947 1919 et

119 1947 239 1978 domus
262 1947 298 1977 in
323 1946 467 1977 eundem
493 1945 633 1976 fratrem
658 1945 844 1986 Mapheum
871 1951 904 1976 et
928 1945 1052 1975 fratres
1075 1950 1109 1974 et
1133 1942 1318 1984 capitulum
1342 1942 1479 1983 penitus
1510 1942 1553 1972 sit
1585 1942 1792 1972 translatum.
1841 1939 1954 1977 Quam

121 1999 349 2031 donacionem
372 1998 466 2029 nulla
491 2009 532 2029 ex
558 1998 667 2029 causis
689 1997 758 2028 illis
775 1997 899 2039 quibus
924 1998 966 2029 de
991 1997 1062 2027 iure
1088 1996 1282 2027 donationis
1306 2001 1446 2036 possunt
1469 1994 1627 2025 revocari
1650 1995 1722 2025 sine
1747 1994 1862 2035 aliquo
1887 1993 1954 2025 alio

117 2053 191 2084 iure
216 2053 310 2083 facto
334 2051 390 2083 vel
415 2062 532 2083 causas
556 2051 690 2092 penitus
715 2060 781 2082 non
807 2050 963 2082 obstante
986 2049 1092 2090 possit
1115 2048 1218 2080 modo
1235 2048 1349 2089 aliquo
1372 2047 1538 2083 revocari,
1554 2047 1616 2078 sed
1640 2053 1807 2087 perpetuo
1826 2046 1956 2077 firmam

119 2111 154 2136 et
177 2105 341 2136 intactam
364 2111 398 2136 et
414 2105 552 2135 omnino
576 2103 845 2135 inrevocabilem
870 2113 943 2134 esse
975 2113 1038 2143 per
1062 2108 1199 2143 pactum
1224 2100 1332 2132 voluit
1356 2107 1389 2131 et
1414 2100 1598 2131 mandavit.
1632 2099 1676 2131 Et
1691 2099 1837 2140 primum
1862 2099 1956 2130 dicto

119 2158 218 2189 fratri
243 2157 395 2198 Mapheo
419 2156 593 2198 stipulanti
626 2162 660 2188 et
691 2156 871 2197 recipienti
902 2162 938 2187 ut
969 2166 1071 2196 supra
1103 2160 1137 2185 et
1169 2164 1231 2195 pro
1263 2164 1298 2184 se
1331 2159 1366 2184 et
1397 2154 1464 2183 suis
1496 2151 1763 2189 successoribus,
1796 2158 1829 2182 et
1862 2152 1956 2183 dicta

120 2209 268 2242 ecclesia
292 2209 384 2241 litem
410 2210 622 2252 questionem
647 2210 701 2240 vel
726 2208 993 2241 controversiam
1018 2208 1165 2250 aliquam
1190 2207 1232 2238 de
1256 2207 1350 2238 dicto
1368 2212 1579 2238 cassameuto
1598 2206 1698 2237 domo
1724 2211 1757 2236 et
1774 2204 1954 2236 hedifficiis

120 2262 176 2293 vel
199 2269 295 2302 parte
328 2262 437 2303 ipsius
460 2262 530 2293 ullo
553 2267 709 2302 tempore
734 2271 801 2292 non
834 2261 962 2292 inferre
990 2270 1055 2291 nec
1086 2260 1207 2291 inferri
1240 2259 1445 2295 consentire,
1478 2259 1538 2289 sed
1563 2259 1672 2299 ipsum
1705 2264 1951 2289 cassamentum

121 2315 260 2346 domum
284 2320 319 2346 et
343 2314 551 2346 hedifficium
578 2321 611 2345 et
635 2313 823 2355 quamlibet
847 2313 917 2344 eius
942 2318 1072 2354 partem
1097 2313 1191 2344 dicto
1216 2313 1315 2343 fratri
1339 2311 1490 2352 Mapheo
1516 2316 1549 2342 et
1573 2311 1642 2341 suis
1666 2309 1897 2341 sucessoribus
1922 2315 1956 2340 et

121 2367 279 2398 Ecclesie
305 2367 454 2408 capitulo
477 2374 510 2397 et
535 2367 718 2398 couventui
744 2366 785 2397 ab
809 2366 900 2398 omni
926 2367 1063 2397 homine
1089 2372 1124 2397 et
1148 2366 1364 2396 universitate
1391 2364 1524 2405 colegio
1557 2370 1589 2395 et
1614 2363 1765 2404 capitulo
1790 2362 1956 2405 legittime

120 2419 311 2452 defendere
350 2427 385 2451 et
409 2419 598 2461 disbrigare
635 2425 796 2460 quantum
830 2425 863 2449 et
889 2419 931 2449 de
955 2429 1016 2450 suo
1040 2419 1120 2450 dato
1153 2425 1185 2449 et
1218 2419 1311 2449 facto
1331 2424 1472 2453 tantum,
1505 2417 1617 2448 silicet
1653 2416 1708 2447 cui
1745 2417 1800 2447 vel
1837 2415 1959 2457 quibus

120 2472 214 2504 dicta
237 2483 290 2503 res
314 2472 365 2503 sic
389 2473 513 2504 donata
538 2478 627 2503 esset
658 2472 831 2514 obbligata
856 2472 909 2502 vel
934 2471 1145 2513 obligatione
1170 2471 1254 2503 dicti
1285 2470 1415 2507 domini
1440 2470 1609 2500 Iohannis.
1658 2469 1732 2500 Nec
1758 2479 1826 2499 non
1851 2469 1958 2499 eciam

122 2525 273 2566 promisit
298 2525 392 2557 dicto
416 2525 515 2556 fratri
538 2524 689 2565 Mapheo
717 2525 893 2566 stipulanti
922 2530 956 2556 et
979 2524 1158 2565 recipienti
1190 2530 1225 2554 ut
1257 2534 1359 2564 supra
1390 2523 1581 2564 predictam
1606 2522 1833 2553 donacionem
1858 2527 1960 2562 pacta

120 2584 154 2609 et
189 2579 442 2609 convenciones
478 2583 511 2608 et
547 2578 660 2608 omnia
696 2585 729 2608 et
765 2578 898 2619 singula
934 2576 1167 2617 suprascripta
1199 2585 1232 2608 et
1255 2576 1477 2617 infrascripta
1508 2582 1676 2617 perpetuo
1708 2575 1893 2606 actendere
1925 2580 1960 2605 et

122 2630 304 2662 observare
330 2637 363 2661 et
388 2631 481 2661 firma
499 2637 531 2661 et
548 2636 643 2661 racta
659 2629 786 2661 habere
805 2636 838 2660 et
855 2636 971 2661 tenere
991 2636 1024 2660 et
1049 2640 1116 2661 non
1141 2630 1380 2661 contrafacere
1406 2628 1460 2659 vel
1479 2628 1744 2668 [contravenire]
1761 2637 1824 2668 per
1847 2637 1882 2658 se
1906 2627 1959 2657 vel

121 2683 234 2720 alium,
259 2683 373 2724 aliqua
396 2683 524 2714 ratione
551 2693 652 2714 causa
677 2683 729 2713 vel
753 2683 892 2724 ingenio
917 2683 959 2714 de
992 2682 1064 2713 iure
1089 2682 1143 2713 vel
1169 2682 1212 2712 de
1236 2683 1342 2718 facto,
1366 2691 1430 2712 nec
1454 2681 1562 2721 ipsam
1584 2681 1823 2712 contravenire
1848 2680 1961 2721 iugra-

122 2736 267 2768 titudine
292 2736 406 2778 aliqua
430 2736 485 2767 vel
511 2746 693 2777 numquam
718 2736 820 2767 modo
845 2735 959 2778 aliquo
984 2745 1148 2767 revocare
1173 2735 1233 2766 sed
1258 2735 1385 2765 firmam
1413 2739 1446 2764 et
1476 2739 1604 2764 tactam
1631 2733 1758 2764 habere
1784 2739 1817 2763 et
1842 2738 1959 2763 tenere

120 2788 182 2819 sub
206 2798 296 2829 pena
319 2788 440 2831 viginti
465 2788 616 2829 quinque
642 2788 803 2819 librarum
835 2787 967 2819 Mutine
993 2788 1208 2828 stipulatione
1233 2787 1265 2816 in
1291 2787 1431 2828 singulis
1455 2785 1614 2826 capitulis
1638 2786 1737 2816 huius
1763 2790 1959 2816 contractus

120 2842 154 2872 in
181 2841 325 2872 solidum
350 2841 527 2882 promissa.
574 2841 618 2872 Et
641 2841 704 2872 sub
727 2841 920 2872 refectione
946 2841 1147 2872 damnorum
1173 2846 1206 2870 et
1230 2839 1389 2880 expensis
1414 2838 1480 2869 litis
1506 2844 1540 2869 et
1564 2844 1669 2869 extra.
1719 2838 1764 2869 Et
1788 2837 1849 2868 sub
1875 2837 1960 2868 obli-

123 2894 260 2937 gatione
285 2894 435 2924 omnium
462 2903 597 2924 suorum
630 2893 797 2924 bonorum
831 2900 863 2924 et
895 2903 983 2934 pena
1008 2893 1119 2924 soluta
1142 2893 1197 2923 vel
1222 2903 1301 2929 non,
1326 2893 1485 2933 predicta
1511 2892 1622 2922 omnia
1649 2897 1682 2922 et
1707 2891 1841 2933 singula
1865 2891 1961 2921 firma

120 2945 307 2987 perdurent
331 2951 365 2976 et
388 2951 505 2977 cetera
532 2951 693 2976 contenta
717 2945 750 2975 in
776 2945 1004 2976 instrumento
1037 2945 1164 2987 scripto
1198 2955 1259 2986 per
1287 2945 1473 2976 Iohannem
1499 2945 1542 2976 de
1569 2944 1766 2986 Sedacariis
1791 2944 1958 2974 notarium
