2423 3561
59 943 97 974 10

59 1187 96 1220 15

55 1434 97 1465 20

56 1674 96 1707 25

54 1918 96 1950 30

55 2297 93 2328 35

835 238 999 275 INTRO
1004 238 1240 275 DUZIONE

140 314 1966 323 ...........................................................................................................................................................................................................

124 381 238 405 aveva
267 381 332 416 per
361 371 496 406 confini
532 370 546 388 “
565 383 586 405 a
622 382 728 406 mane
766 371 939 406 Panarius
976 377 1091 416 vetus,
1129 385 1150 407 a
1187 383 1268 407 sero
1304 372 1479 407 Panarius
1511 383 1627 407 novus
1646 399 1660 416 „
1684 375 1704 406 ¹.
1759 370 1847 416 Agli
1884 372 1967 406 anni

130 435 344 470 1209-1210
373 437 384 470 i
413 437 636 482 Fragmenta
665 438 784 472 danno
813 436 846 472 le
875 437 1011 471 notizie
1041 437 1136 472 della
1165 442 1299 472 venuta
1328 439 1364 472 di
1384 438 1522 472 Ottone
1551 438 1605 472 IV
1625 449 1645 471 e
1666 436 1725 472 del
1744 449 1810 472 suo
1828 438 1967 472 ritorno

122 502 158 535 in
180 501 388 546 Germania,
419 503 453 537 le
480 503 575 550 quali
605 515 695 538 sono
719 503 802 538 date
822 503 937 538 anche
957 503 1053 538 dalle
1075 505 1255 539 cronache
1275 504 1336 539 dei
1356 504 1425 538 due
1444 504 1659 539 trecentisti.
1714 504 1816 537 Ecco
1837 502 1860 536 il
1881 515 1968 537 con·

124 567 246 602 fronto
275 569 327 603 fra
355 570 367 603 i
395 574 448 604 tre
476 570 579 605 testi:

291 681 512 724 Fragmenta
525 694 536 714 .·

195 752 264 778 Otto
275 754 332 778 dux
342 753 481 778 Saxoniae
494 756 522 778 in
535 763 625 786 regem
637 756 700 779 Alc-

126 803 234 825 maniae
245 802 349 826 electus
360 803 503 826 descendit
512 804 544 827 (le
552 803 700 828 Alcmania

125 852 152 873 ct
167 851 282 873 venitin
293 850 488 875 Lombardiam
504 859 565 875 cum
579 854 701 876 exercitu

126 899 240 929 copioso
255 900 282 922 et
296 900 389 923 tenuit
408 900 519 923 Italiam
536 902 563 924 in
579 908 634 924 uno
649 903 701 925 tei-—

126 947 203 970 ribili
234 954 337 978 pavore
367 956 546 972 concussam:
579 951 702 980 perrexit

127 997 213 1027 igitur
227 995 343 1020 Romam
362 999 388 1021 et
411 999 482 1029 apud
502 997 633 1022 Sanctum
654 999 701 1022 Pc-

126 1045 199 1067 trum
219 1046 260 1068 est
275 1053 289 1068 a
304 1045 377 1076 Papa
399 1045 566 1069 Innocentio
587 1054 701 1069 corona-

126 1094 186 1121 tus;
201 1100 255 1124 quo
272 1094 345 1118 sacto
362 1095 400 1118 ita
415 1096 420 1106 ⁴
432 1095 585 1118 exaltatum
600 1097 641 1119 est
656 1104 702 1118 cor

125 1144 184 1166 eius
195 1142 201 1154 '
212 1140 222 1156 *²
242 1145 273 1166 ut
287 1145 426 1174 sperneret
444 1145 542 1167 summi
558 1144 703 1168 pontificis

127 1192 351 1216 admonicionem
366 1193 471 1223 pariter
485 1194 511 1216 et
525 1194 701 1217 mandatum:

948 682 1124 715 ΒΑΖΖΑΝΟ
1136 693 1143 713 :

845 752 905 776 Rex
931 752 1003 777 Octo
1025 755 1078 777 ivit
1097 753 1213 777 Romam
1234 756 1261 777 ct
1283 755 1336 777 suit

758 803 907 824 coronatus
924 802 951 823 in
972 801 1169 832 Imperatorem
1192 804 1218 825 et
1234 803 1261 825 in
1278 810 1337 833 pra-

759 850 795 872 tis
827 850 859 872 dc

758 900 785 921 ct
797 901 891 928 postea
905 898 958 921 suit
966 900 1224 923 excommunicatus
1236 907 1250 923 a
1263 899 1336 930 Papa

891 850 1078 881 Spilamberto
1111 858 1141 874 ca
1147 852 1333 878 sti-amomum,

759 947 904 970 Inocentio
918 948 958 979 iij.
971 949 997 970 ct
1013 949 1040 970 in
1056 955 1130 971 anno
1147 949 1271 979 sequenti
1286 950 1338 972 ivit

760 996 787 1018 in
803 995 981 1019 Alamaniam
994 999 1021 1020 et
1032 1000 1201 1028 congregato
1214 999 1337 1021 exercitu

759 1046 857 1067 contra
877 1044 982 1075 Regem
997 1045 1130 1069 Franciae
1146 1047 1198 1069 iter
1219 1048 1337 1078 arripuit

758 1095 785 1115 ct
804 1093 917 1116 tandem
943 1092 1003 1117 Rex
1023 1093 1157 1118 Franciae
1177 1102 1238 1118 cum
1253 1095 1337 1119 Fran-

759 1141 818 1164 chis
837 1141 869 1164 de
890 1142 966 1164 dicto
986 1141 1095 1165 Octone
1114 1144 1141 1165 et
1161 1144 1220 1166 eius
1234 1145 1337 1167 exerci-

760 1193 789 1212 tu
816 1191 892 1220 quasi
915 1190 1096 1214 incredibilem
1124 1192 1271 1215 victoriam
1299 1200 1337 1216 re-

1588 681 1752 714 MORANO
1759 693 1765 712 :

1479 753 1557 777 Tunc
1577 751 1649 776 Octo
1672 754 1821 783 Imperator
1841 754 1894 776 ivit
1914 751 1968 775 Ro-

1394 809 1463 825 mam
1485 803 1512 825 et
1533 802 1570 825 ibi
1592 803 1742 825 coronatus
1764 802 1817 825 fuit
1835 803 1862 824 in
1882 801 1968 832 Impe.

1394 852 1513 874 ratorem
1533 852 1560 874 et
1581 851 1608 873 in
1630 857 1778 881 campanea
1799 850 1832 873 de
1858 849 1968 881 Spilan-

1393 899 1471 922 berto
1492 900 1702 922 castrametatus
1724 899 1787 922 fuit.

1479 947 1559 970 Tunc
1573 946 1645 970 Octo
1660 949 1810 971 coronatus
1828 946 1914 970 Roma
1928 953 1968 969 re-

1393 996 1447 1019 diit
1469 997 1496 1018 in
1525 996 1729 1019 Lombardiam,

126 1241 199 1272 Papa
225 1249 288 1265 vero
315 1243 473 1272 praedictus
502 1249 562 1266 eum
590 1243 702 1273 publico
760 1239 893 1269 portavit·

126 1290 311 1314 anathematis
332 1291 446 1314 vinculo
462 1291 611 1315 innodavit
629 1294 655 1315 et
671 1292 702 1315 ab

127 1339 176 1362 illa
199 1339 267 1362 hora
288 1340 316 1362 in
337 1341 417 1363 antea
438 1340 512 1370 cepit
531 1341 590 1363 eius
611 1347 703 1371 supcr-

126 1388 170 1411 bia
187 1388 318 1412 inclinari
334 1389 421 1412 donec
434 1389 569 1420 paulatim
583 1390 614 1413 ad
631 1390 702 1413 nihi-

126 1437 182 1460 lum
203 1438 244 1460 est
265 1437 401 1460 reductus.

178 1484 209 1508 In
236 1485 316 1508 Mccx
338 1493 461 1509 reversus
490 1487 533 1510 est
555 1485 627 1510 Octo
655 1488 702 1509 im—

125 1535 236 1565 perator
245 1535 272 1557 in
283 1534 459 1558 Alemaniam
469 1536 704 1560 excomunicatuS.

125 1583 152 1605 et
181 1589 242 1605 cum
271 1583 394 1606 exercitu
425 1584 546 1606 maximo
579 1585 702 1614 perrexit

126 1630 258 1654 adversus
269 1630 413 1662 Filippum
426 1638 515 1661 regem
526 1631 704 1659 Francorum,

125 1677 164 1710 [et
183 1680 242 1703 eius
262 1679 355 1711 causa]
377 1681 611 1704 excommunicati
640 1682 705 1703 sunt

126 1728 236 1759 quidem
250 1729 391 1759 principes
404 1730 480 1760 regni
496 1728 628 1752 Franciae
643 1736 705 1760 pro-

125 1776 230 1800 ditores
240 1776 410 1800 Francorum
419 1784 506 1808 neque
516 1778 646 1808 antiquae
654 1784 705 1800 me-

126 1832 214 1848 mores
229 1825 388 1856 probitatis,
400 1825 446 1841 ***
457 1826 630 1849 unanimiter
642 1833 706 1848 con-

114 1875 169 1912 ltra
195 1874 286 1897 dictos
307 1875 438 1897 inimicos
453 1876 585 1907 impeturn
602 1875 704 1898 sacien-

125 1924 166 1946 tes
185 1923 363 1947 incredibilem
384 1923 416 1946 de
432 1924 597 1954 imperatore
619 1925 705 1947 victo-

125 1971 194 1994 riam
215 1970 378 1995 habuerunt.

209 2097 225 2131 Ι
252 2097 322 2131 due
352 2097 500 2131 cronisti
529 2097 589 2133 del
620 2097 806 2134 Trecento
842 2099 1110 2135 abbreviarono
1141 2100 1178 2134 di
1207 2101 1324 2135 molto
1354 2101 1388 2135 la
1415 2101 1624 2135 nam-azione
1668 2101 1728 2135 del
1758 2100 1818 2146 piu
1845 2103 1966 2137 antico

123 2162 292 2206 cronista,
322 2162 455 2207 perche
484 2164 599 2198 ormai
630 2164 675 2198 ad
705 2165 773 2199 essi
801 2177 899 2212 poco
929 2166 1123 2202 dovevano
1152 2167 1350 2212 importare
1380 2167 1412 2201 le
1442 2167 1599 2212 imprese
1629 2167 1666 2201 di
1694 2167 1835 2202 Ottone
1855 2167 1926 2211 lV;
1946 2180 1966 2202 e

122 2229 184 2274 piu
211 2228 390 2263 abbrevio
420 2228 443 2261 il
473 2228 636 2263 Morano
665 2230 731 2265 che
760 2231 784 2265 il
813 2232 991 2276 Bazzam,
1020 2233 1180 2267 sebbene
1211 2233 1391 2268 entrambi
1421 2234 1706 2279 aggiungessero
1736 2233 1797 2278 poi
1836 2233 1868 2268 la
1896 2234 1966 2268 cir-

124 2297 293 2329 costanza
320 2294 387 2329 che
416 2293 663 2340 l’imperatore
691 2297 720 2330 si
749 2298 928 2343 accampo
965 2297 1033 2332 “in
1062 2309 1263 2345 campanea
1283 2327 1297 2342 „
1331 2299 1411 2333 dice
1454 2298 1570 2342 l’un0‚
1608 2298 1622 2315 ‘⁴
1639 2300 1676 2333 in
1703 2300 1814 2344 pratis
1833 2328 1847 2345 „
1882 2298 1964 2333 dice

121 2359 254 2404 l'altro‚
284 2359 321 2394 di
349 2360 638 2406 spilambert033
667 2362 692 2396 il
721 2363 828 2409 quale
857 2364 1118 2399 avvenimento
1147 2376 1220 2398 non
1249 2366 1335 2410 pote
1364 2363 1541 2399 accadere
1561 2377 1598 2399 se
1619 2376 1694 2398 non
1712 2364 1807 2399 nella
1829 2370 1964 2400 venuta

123 2425 159 2460 di
187 2426 326 2461 ottone
354 2426 408 2461 IV
435 2426 638 2463 nell'estate
667 2427 726 2463 del
762 2429 871 2464 1209.

122 2491 181 2537 gia
210 2498 400 2527 osservato
420 2492 513 2528 nelle
534 2499 630 2538 note,
652 2496 679 2529 si
698 2501 856 2529 trovano
876 2497 976 2542 quasi
997 2507 1067 2530 con
1096 2495 1128 2530 le
1149 2502 1261 2530 stesse
1281 2496 1408 2542 parole
1428 2497 1488 2530 nel
1517 2495 1713 2530 Chronicon
1741 2500 1879 2539 estense,
1909 2497 1965 2530 nel

927 2430 1055 2469 Questi
1084 2429 1154 2465 due
1173 2430 1277 2465 brani
1296 2431 1440 2466 relativi
1468 2430 1768 2477 all'imperatore,
1789 2442 1897 2465 come
1917 2430 1965 2464 ho

124 2557 230 2605 quale
249 2559 542 2604 probabilmente
562 2560 692 2594 furono
712 2561 869 2596 derivati
888 2561 982 2596 dalla
999 2562 1059 2608 pin
1075 2562 1196 2597 antica
1216 2574 1377 2597 cronaca
1397 2561 1617 2597 modenese:
1639 2562 1802 2608 l'ipotesi
1822 2563 1964 2597 inversa

213 2713 222 2731 ¹
242 2715 316 2743 Tm„
338 2717 378 2741 St.
399 2718 476 2745 AVon,v
496 2717 529 2745 11,
549 2717 608 2749 361.

211 2755 223 2773 ²
243 2759 475 2787 Machabaeorum,
496 2759 544 2783 lib.
564 2760 584 2788 Ι,
607 2759 646 2788 16,
669 2767 706 2791 13.

211 2797 222 2814 3
241 2798 343 2827 Quella
363 2800 410 2824 che
432 2808 516 2824 ancor
536 2802 558 2824 si
574 2802 634 2825 dice
650 2802 677 2825 la
694 2802 707 2814 ‘¹
718 2809 870 2833 campagna
883 2821 895 2833 η
912 2804 939 2826 di
955 2803 1016 2834 Spi—

125 2839 260 2864 lamberto
280 2839 294 2864 'e
315 2842 386 2865 sulla
407 2842 499 2865 dcstra
525 2843 568 2866 del
590 2842 708 2871 Panaro,
732 2845 775 2867 tra
794 2843 983 2875 Spilamberto
1003 2853 1016 2868 e

126 2881 269 2906 Bazzano:
290 2885 444 2907 attraverso
465 2885 527 2915 quei
543 2886 643 2916 campi,
658 2886 707 2908 che
722 2887 919 2913 anticamente,
940 2894 1015 2909 come

125 2924 229 2955 adesso,
251 2932 335 2948 erano
356 2927 446 2949 tenuti
469 2934 482 2949 a
503 2927 575 2957 prati
598 2927 737 2957 irrigabiii
760 2935 811 2950 con
834 2928 858 2951 le
873 2935 956 2958 acque
971 2928 1015 2951 del

126 2965 221 2988 canale
241 2966 268 2989 di
290 2965 460 2997 Savignano,
487 2974 605 2998 passava
632 2968 659 2991 la
686 2970 731 2991 via
753 2969 947 2993 antichissima
968 2969 1015 2992 che

1073 2720 1107 2744 da
1122 2720 1242 2744 Modena
1263 2721 1453 2751 raggiungeva
1474 2720 1499 2743 la
1522 2719 1690 2751 “Clozola„
1713 2728 1729 2743 o
1750 2720 1857 2751 piccola
1878 2719 1961 2744 Clau-

1073 2763 1118 2786 dia
1139 2764 1164 2786 ai
1185 2764 1259 2794 piedi
1287 2763 1361 2786 della
1389 2763 1503 2790 collina,
1530 2763 1673 2786 mettendo
1694 2770 1762 2794 capo
1783 2770 1797 2786 a
1817 2763 1961 2794 Bologna:

1075 2806 1119 2828 via
1150 2805 1198 2828 che
1229 2805 1257 2828 fu
1288 2812 1415 2836 percorsa
1444 2805 1515 2828 assai
1546 2805 1590 2828 nel
1620 2805 1775 2833 medioevo‚
1804 2812 1829 2835 p.

1072 2845 1199 2869 Adriano
1219 2845 1258 2868 111
1277 2847 1389 2877 quando
1416 2847 1523 2869 andava
1544 2854 1558 2869 a
1584 2845 1695 2869 XVorms
1715 2845 1796 2876 (885),
1816 2846 1850 2869 da
1870 2845 1961 2869 Lodo-

1072 2889 1135 2910 vico
1164 2887 1188 2910 11
1218 2888 1329 2918 quando
1357 2886 1430 2911 ando
1461 2896 1474 2911 a
1502 2890 1579 2911 tener
1608 2888 1714 2918 placito
1745 2889 1772 2910 in
1799 2887 1961 2918 Savignano

1071 2927 1171 2959 (prima
1198 2928 1336 2960 dell‘S75),
1364 2931 1397 2952 da
1427 2928 1586 2952 Raimondo
1615 2930 1648 2952 da
1675 2929 1770 2960 Spello
1793 2930 1905 2959 quando
1933 2928 1960 2952 fu

1072 2972 1242 2994 assassinato
1264 2978 1278 2994 a
1298 2970 1497 2995 Sant’Eusebio
1519 2970 1618 3002 (1313),
1639 2978 1691 2994 ecc.
1834 2967 1836 2969 ’

1859 2812 1895 2828 es.
1926 2805 1960 2828 da
1992 2809 2024 2826 10
