2423 3561
1153 234 1523 271 INTRODUZION
1526 235 1559 269 E

430 308 2260 322 ..........................................................................................................................................................................................................

428 383 485 417 del
515 383 684 423 Morano,
715 379 820 426 quale
850 379 884 413 ci
913 380 932 413 e
962 377 1049 413 dato
1077 377 1171 411 dalla
1200 376 1366 412 edizione
1398 376 1598 412 modenese
1627 375 1686 410 del
1721 376 1830 421 1888,
1873 388 1950 410 non
1983 378 2019 411 vi
2060 382 2271 412 troveremo

428 449 452 482 il
482 448 633 482 minimo
661 457 826 480 accenno
854 443 925 479 alla
953 443 1216 489 pacificazione
1248 452 1437 487 promossa
1467 441 1524 477 dal
1553 442 1663 486 Pico3
1692 453 1712 476 c
1740 454 1804 488 per
1834 447 1963 477 contro
1981 443 2016 477 la
2036 443 2170 478 notizia
2193 443 2270 477 del-

427 512 713 548 l’avvenimento
742 511 776 545 la
804 509 976 545 vediamo
1005 508 1091 543 data
1119 508 1214 543 nella
1243 519 1402 542 cronaca
1431 507 1467 541 di
1498 507 1682 542 Giovanni
1711 507 1757 542 da
1776 509 1944 542 Bazzano
1965 520 2036 543 con
2056 508 2184 555 parole
2204 509 2270 543 che

428 591 500 614 non
528 578 687 613 lasciano
717 576 855 611 dubbio
884 575 1015 610 alcuno
1044 575 1143 609 circa
1171 573 1295 609 l'esser
1322 577 1414 609 stata
1443 578 1568 620 questa
1596 572 1629 607 la
1666 573 1767 609 fonte
1801 573 1859 608 del
1895 574 2095 609 Prisciano.

2151 575 2270 609 Come

427 645 489 692 poi
519 645 542 678 il
570 646 735 680 Bazzano
764 655 784 677 e
812 642 837 677 il
871 640 962 676 Clzr.
992 639 1192 688 Frignam‘
1216 651 1374 686 possano
1404 651 1490 674 aver
1518 639 1682 674 raccolta
1700 639 1734 673 la
1753 644 1866 674 stessa
1885 641 2020 675 notizia
2040 641 2060 674 ὲ
2080 641 2271 687 questione

426 712 516 746 assai
545 710 703 745 delicata
732 721 752 743 e
781 707 929 743 difficile
957 718 978 741 a
1007 706 1222 750 risolverla3
1251 718 1272 739 a
1301 706 1368 740 che
1396 706 1494 739 forse
1522 706 1673 750 giovera
1703 704 1856 740 un’altra
1897 705 2166 741 osservazione.

513 776 636 811 Molto
663 776 900 810 interessante
931 774 951 807 e
979 771 1075 806 nella
1105 782 1262 807 cronaca
1290 772 1494 817 frignanese
1523 771 1547 806 il
1575 776 1752 806 racconto
1780 771 1815 805 di
1853 771 1971 806 alcuni
2007 772 2086 806 fatti
2121 771 2157 805 di
2185 773 2272 807 Bar-

428 843 595 879 tolomeo
626 841 673 876 da
701 838 1011 883 Montecuec0103
1031 838 1043 872 i
1065 838 1161 884 quali
1181 850 1272 873 sono
1292 838 1423 873 narrati
1453 838 1567 873 anche
1595 836 1690 872 nelle
1720 837 1901 872 cronache
1930 837 2133 872 modenesi.
2169 838 2272 873 Ecco

427 911 452 945 il
483 909 676 945 confronto
704 907 757 942 fta
786 907 797 940 i
825 906 927 941 testi:

596 1026 675 1058 Chr.
704 1025 832 1067 Frign.

530 1085 670 1110 redazione
689 1083 898 1108 Aluratorianae

513 1148 600 1172 Anno
619 1146 732 1171 domini
754 1151 818 1177 1341
834 1144 880 1168 die
894 1145 1004 1168 veneris

429 1205 459 1229 14
478 1196 645 1229 septembris
663 1195 803 1219 exercitus
822 1193 1005 1218 dominorum

426 1246 460 1269 de
478 1245 596 1269 Mantua
622 1251 670 1277 per
695 1244 849 1267 exercitum
875 1242 1004 1265 domino-

426 1302 487 1318 rum
508 1293 582 1317 della
602 1292 715 1316 Schalla
730 1290 772 1322 [in
788 1289 900 1322 magna]
915 1291 1006 1320 strage

427 1344 454 1366 et
467 1341 600 1366 conflictu
614 1340 725 1374 positus
740 1340 810 1367 fuit;
824 1339 854 1363 in
869 1345 924 1370 quo
938 1345 1004 1362 con-

426 1391 503 1414 flictu
513 1389 731 1414 Bartholomeus
744 1390 772 1412 et
780 1387 917 1412 Corsinus
927 1388 1006 1411 vetus

427 1440 460 1463 de
479 1438 681 1463 Montecucolo
705 1438 846 1470 capitanei
874 1437 1006 1460 domino-

426 1496 486 1512 rum
507 1487 540 1512 de
557 1487 677 1512 Mantua
697 1487 771 1518 capti
782 1487 899 1519 ficerunt
915 1485 1005 1509 virili-

426 1541 468 1560 ter
488 1540 514 1560 et
529 1540 636 1560 strenue
650 1536 806 1565 dimicando,
821 1536 869 1559 sed
881 1535 1005 1558 resistere

427 1585 593 1609 multitudini
611 1593 659 1609 non
673 1586 801 1613 valentes,
817 1587 843 1607 et
856 1587 915 1607 lunc
929 1590 1004 1614 prae·

426 1633 509 1656 libati
532 1632 641 1656 domini
663 1631 708 1663 [de
731 1630 859 1662 Mantua]
875 1631 901 1654 in
921 1630 1006 1654 vindi-

427 1681 495 1701 ctam
502 1678 703 1707 praedictorum
718 1676 827 1700 maximo
841 1676 954 1699 exercitu
969 1684 1006 1699 re-

420 1726 497 1758 fecto
509 1734 586 1756 usque
597 1726 734 1756 adportas
754 1725 868 1749 Veronae
875 1724 1007 1748 hostiliter

428 1776 599 1798 recesserunt
627 1773 701 1797 unde
725 1773 848 1804 pallatio
868 1776 894 1796 et
922 1773 1006 1796 domos

427 1824 600 1847 cumburendo
619 1823 705 1854 captis
718 1824 791 1846 ultra
811 1822 884 1845 mille
900 1822 1006 1845 homini-

427 1873 481 1901 bus,
502 1872 610 1895 bovibus
630 1874 656 1894 et
674 1871 745 1902 equis
764 1872 838 1894 ultra
860 1870 1007 1894 duomillia.

517 1973 593 2000 1345.
631 1968 686 1992 Die
707 1969 782 1991 iovis
802 1967 910 1991 decimo
933 1967 1006 1990 iunii

429 2016 575 2049 Cagnolus
594 2017 628 2040 de
648 2016 781 2048 Corrigia
807 2018 834 2040 et
859 2016 1007 2040 Bartholo-

429 2073 506 2090 meus
516 2067 549 2090 de
562 2065 770 2096 Montecuculo,
783 2066 830 2097 qui
842 2065 1007 2097 provisione

430 2115 573 2138 Ferrariae
587 2114 761 2138 marchionis
775 2114 902 2138 Estensis
919 2120 1008 2137 mora-

429 2164 542 2192 bantur,
567 2163 634 2187 inde
660 2170 687 2187 se
714 2163 872 2187 insalutato
898 2162 1010 2194 hospite

431 2214 641 2244 separaverunt,
658 2212 706 2243 qui
725 2213 819 2235 tamen
834 2212 863 2235 in
878 2211 1009 2235 districtu

431 2260 561 2284 Bondeni
574 2261 650 2291 capti
662 2262 689 2284 et
698 2260 775 2284 ducti
785 2259 939 2284 Ferrariam
951 2259 1009 2283 exi-

432 2310 549 2333 sterunt.
587 2309 688 2332 Dictus
714 2316 782 2332 vero
809 2307 954 2339 Cagnolus
981 2309 1008 2331 in

433 2358 557 2381 vinculis
577 2359 618 2381 est
639 2358 773 2389 alligatus
799 2359 825 2381 et
851 2356 1010 2390 praedictus

432 2405 649 2430 Bai-tholomeus
678 2405 753 2429 datis
784 2405 1011 2429 fideiussionibus

433 2455 532 2478 extitit
556 2454 707 2482 relaxatus,
734 2456 795 2485 ipso
823 2454 1012 2479 nihilominus

434 2503 579 2526 Ferrariae
599 2505 767 2526 remanente.

527 2854 628 2878 Dictus
642 2856 732 2878 autem
745 2854 957 2878 Bartholomeus
968 2861 1015 2878 an-

440 2911 476 2927 no
498 2902 573 2934 1346,
594 2903 639 2926 die
667 2904 776 2926 veneris
802 2904 903 2933 quinto
930 2903 1015 2926 madii

439 2951 468 2974 in
489 2952 580 2982 prima
594 2951 662 2974 hora
678 2951 770 2973 noctis
790 2958 803 2973 a
818 2951 934 2974 civitate
955 2950 1016 2973 Fer-

440 2999 529 3026 rariae
550 3006 576 3022 se
597 2999 755 3022 absentavit
776 3006 823 3030 per
844 3005 937 3021 muros
956 3006 1016 3022 exe-

1228 1021 1306 1054 Chr.
1342 1021 1471 1063 Frzgn.

1197 1082 1337 1105 redazione
1356 1081 1501 1104 Albinclli:

1146 1143 1232 1167 Anno
1246 1142 1516 1175 13410Bartolomeus
1527 1143 1553 1165 et
1568 1141 1637 1166 Cur-

1059 1192 1138 1215 sinus
1157 1191 1190 1214 de
1204 1189 1419 1214 Montecuccolo
1433 1190 1574 1221 capitanei
1590 1190 1637 1212 do-

1059 1241 1199 1264 minorum
1229 1239 1262 1263 de
1291 1238 1425 1270 Gonzaga
1458 1238 1636 1262 dominorum

1058 1289 1200 1318 Mantuae,
1221 1290 1250 1312 in
1271 1288 1361 1320 prelio
1387 1288 1462 1311 facto
1490 1287 1565 1310 inter
1590 1293 1637 1310 eos

1059 1340 1087 1362 et
1106 1338 1239 1362 dominos
1253 1337 1286 1361 de
1300 1337 1327 1360 la
1341 1336 1422 1360 Scala
1436 1336 1566 1359 dominos
1586 1335 1637 1358 Ve-

1059 1395 1145 1411 ronae
1164 1388 1238 1417 capti
1248 1386 1366 1419 ficerunt
1384 1385 1506 1409 viriliter
1525 1388 1551 1408 el
1574 1388 1638 1408 stre-

1060 1445 1108 1461 nue
1128 1436 1284 1463 dimicando,
1304 1436 1352 1459 sed
1373 1435 1497 1458 resistcre
1522 1434 1637 1457 multitu-

1060 1487 1119 1511 dini
1136 1494 1184 1510 non
1204 1487 1340 1513 valentes‚·
1365 1485 1392 1507 et
1415 1487 1474 1507 tunc
1500 1482 1636 1515 praedicti

1060 1535 1170 1560 domini
1189 1534 1323 1558 Mantuae
1348 1533 1378 1556 in
1408 1532 1552 1556 vindictam
1574 1534 1636 1561 pre-

1061 1585 1189 1609 dictorum
1200 1583 1309 1607 maximo
1321 1582 1435 1605 exercitu
1446 1581 1547 1610 refecto
1560 1587 1637 1610 usque

1060 1635 1097 1658 ad
1109 1636 1205 1663 portas
1233 1632 1347 1656 Veronae
1366 1630 1498 1654 hostiliter
1521 1635 1638 1652 accesse-

1060 1683 1133 1712 runt,
1156 1681 1266 1712 undique
1281 1680 1390 1711 palatia
1410 1682 1437 1703 ct
1462 1679 1548 1702 domos
1573 1685 1637 1701 com-

1060 1732 1182 1760 burendo,
1203 1729 1289 1759 captis
1308 1731 1381 1752 ultra
1402 1728 1474 1751 mille
1489 1726 1637 1752 hominibus,

1061 1784 1087 1804 et
1104 1780 1180 1803 bobus
1201 1782 1226 1803 et
1244 1777 1315 1809 cquis
1334 1778 1408 1801 ultra
1427 1777 1476 1800 duo
1497 1775 1591 1799 millia.

1149 1962 1236 1985 Anno
1267 1967 1342 1992 1345.
1378 1959 1575 1983 Bartolomeus
1606 1957 1639 1980 de

1062 2010 1281 2035 Montecuccolo
1304 2012 1332 2033 et
1359 2016 1413 2033 una
1440 2016 1501 2032 cum
1526 2015 1559 2031 eo
1586 2006 1639 2030 Ca-

1062 2060 1165 2092 gnolus
1193 2059 1227 2083 de
1253 2058 1398 2089 Corrigia,
1422 2059 1468 2089 qui
1496 2057 1640 2081 Ferrariae

1062 2108 1208 2141 stipendio
1230 2110 1257 2131 et
1276 2107 1437 2140 provisioni
1466 2106 1640 2130 Marchionis

1062 2159 1187 2182 Estensis
1208 2157 1390 2181 morabantur
1410 2156 1475 2180 inde
1494 2163 1522 2179 se
1537 2156 1640 2179 insalu-

1062 2209 1124 2231 tato
1143 2207 1256 2238 hospite
1280 2207 1480 2237 separaverunt
1508 2207 1535 2228 et
1561 2205 1640 2228 ausu-

1063 2258 1164 2288 gerunt
1178 2258 1205 2279 et
1219 2262 1314 2279 versus
1325 2256 1438 2287 propria
1450 2255 1641 2287 perrexerunt,

1065 2306 1111 2336 qui
1127 2306 1220 2328 tamen
1236 2305 1265 2328 in
1280 2304 1413 2328 districtu
1426 2303 1553 2327 Bondeni
1567 2302 1640 2335 capti

1065 2354 1091 2376 et
1103 2352 1179 2376 ducti
1192 2352 1347 2375 Ferrariam
1359 2352 1524 2380 extiterunt,
1537 2353 1564 2375 et
1575 2353 1642 2375 tunc

1065 2402 1158 2425 dictus
1177 2400 1320 2432 Cagnolus
1341 2401 1371 2423 in
1393 2400 1515 2424 vinculis
1544 2400 1643 2424 extitit

1066 2450 1209 2482 alligatus,
1229 2449 1390 2482 praedictus
1410 2451 1500 2473 autern
1515 2449 1643 2472 Bartolo-

1067 2506 1142 2522 meus
1165 2498 1240 2522 datis
1257 2498 1468 2522 fideiussoribus
1487 2498 1583 2521 extitit
1597 2505 1644 2530 per

1066 2547 1222 2571 Ferrariam
1236 2546 1387 2575 relaxatus,
1401 2547 1464 2578 ipso
1478 2548 1571 2570 tamen
1583 2545 1645 2569 Fer-

1067 2598 1156 2620 rariae
1175 2597 1343 2619 remanente.

1160 2850 1245 2873 Anno
1261 2848 1328 2881 1346
1341 2848 1433 2872 dictus
1452 2847 1647 2871 Bartolomeus

1072 2900 1104 2923 de
1124 2897 1338 2922 Montecucculo
1365 2896 1457 2920 noctis
1482 2898 1607 2928 tempore
1632 2904 1647 2919 a

1073 2948 1189 2971 rivitate
1208 2946 1350 2970 Feri-ariae
1371 2953 1398 2968 se
1417 2945 1575 2968 absentavit
1602 2952 1649 2976 per

1073 3004 1166 3021 muros
1187 2996 1313 3020 exeundo
1334 2998 1412 3018 extra
1427 2995 1529 3018 dictam
1550 2995 1648 3017 civita-

1886 1020 2080 1052 BAzzAno:

1780 1142 1811 1165 In
1831 1141 2014 1165 Mcccxxxxv
2027 1157 2075 1166 ....
2087 1144 2153 1165 tunc
2168 1142 2213 1165 die
2227 1149 2270 1165 ve-

1695 1191 1770 1213 neris
1788 1190 1851 1213 xiiii
1875 1189 2040 1221 septembris
2062 1191 2152 1213 certae
2175 1191 2272 1220 gentes

1694 1239 1726 1262 de
1746 1238 1861 1262 Mantua
1882 1237 2032 1262 sconfictae
2054 1238 2166 1261 fuerunt
2187 1239 2216 1261 in
2231 1238 2272 1261 di-

1693 1288 1793 1311 strictu
1806 1286 1933 1310 Veronae
1947 1288 1974 1310 et
1988 1289 2055 1310 tunc
2070 1287 2144 1318 capti
2159 1287 2272 1310 suerunt

1693 1335 1889 1360 Bartolomeus
1908 1337 1935 1359 et
1955 1333 2094 1359 Cursinus
2113 1335 2146 1359 de
2166 1335 2272 1359 Monte-

1693 1384 1810 1408 cuccolo
1841 1386 1869 1408 et
1899 1384 2088 1408 Bernardinus
2117 1384 2150 1407 de
2181 1383 2270 1408 Sesso.

1692 1432 1727 1456 Et
1746 1434 1814 1457 tunc
1833 1433 1942 1457 domini
1963 1432 2096 1456 Mantuae
2116 1439 2177 1456 cum
2191 1431 2269 1456 mille

1692 1482 1834 1512 equitibus
1854 1483 1881 1505 et
1900 1489 1997 1513 magno
2017 1482 2130 1505 exercitu
2143 1481 2269 1514 peditum

1694 1532 1805 1554 iverunt
1831 1537 1916 1562 usque
1942 1530 1975 1554 ad
2004 1531 2115 1562 portam
2143 1530 2270 1554 Veronae

1693 1586 1762 1610 quae
1782 1580 1860 1604 ducit
1879 1586 1975 1603 versus
1988 1579 2145 1609 Mantuam,
2158 1579 2269 1611 undique

1693 1630 1722 1652 in
1737 1628 1865 1660 partibus
1880 1628 1939 1652 illis
1953 1629 2040 1652 domos
2053 1629 2194 1658 etpalatia
2204 1636 2270 1652 com-

1693 1678 1813 1700 burentes
1831 1678 1858 1700 et
1872 1683 1972 1708 magna
1987 1676 2080 1708 spolia
2094 1676 2217 1707 undique
2231 1676 2271 1700 fa-

1693 1726 1807 1755 cientes,
1827 1726 1925 1756 captos
1945 1725 2078 1748 habentes
2098 1725 2172 1748 ultra
2192 1724 2270 1748 mille

1693 1774 1822 1797 homines
1842 1775 1870 1797 et
1899 1780 2029 1805 magnam
2056 1773 2168 1805 copiam
2187 1773 2271 1796 boum

1693 1824 1720 1845 et
1739 1829 1873 1852 equorum
1891 1821 2066 1852 aliorumque
2083 1820 2271 1845 animantium

1694 1870 1768 1894 ultra
1788 1870 1844 1894 duo
1864 1870 1957 1893 millia
1977 1869 2152 1894 dei-obantes.

1780 1945 1811 1969 In
1841 1946 2025 1969 Mcccxxxxv
2036 1962 2043 1970 .
2054 1962 2061 1970 .
2073 1964 2079 1969 .
2091 1964 2097 1970 .
2123 1945 2170 1969 die
2197 1946 2271 1970 iovis

1695 1995 1745 2018 xvi
1765 1994 1838 2018 iunii
1854 1993 1998 2026 Cagnolus
2017 1995 2050 2018 de
2065 1994 2206 2026 Corrigla,
2225 1995 2271 2025 qui

1694 2043 1861 2074 provisione
1872 2043 2034 2067 Marchions
2045 2043 2188 2067 Ferrariae
2199 2050 2272 2067 com-

1695 2092 1864 2121 morabatur,
1876 2092 1942 2115 inde
1954 2091 2110 2115 insalutato
2121 2091 2234 2122 hospite
2245 2098 2273 2115 se

1695 2142 1836 2172 separavit
1856 2148 1917 2164 cum
1930 2140 2131 2164 Bai-tholomeo
2145 2140 2178 2164 de
2191 2140 2273 2164 Mon-

1695 2189 1849 2219 tecuccolo,
1860 2190 1906 2220 qui
1919 2189 2000 2213 ambo
2017 2190 2045 2212 in
2061 2189 2192 2212 districta
2202 2189 2274 2212 Bon—

1696 2237 1760 2262 deni
1772 2239 1845 2269 capti
1860 2238 1972 2262 fuerunt
1983 2239 2010 2261 et
2023 2238 2099 2261 ducti
2110 2237 2274 2265 Ferrariam,

1696 2287 1744 2310 ubl
1764 2287 1855 2310 dictus
1875 2285 2020 2318 Cagnolus
2035 2286 2161 2310 vinculis
2174 2285 2274 2317 alliga·

1697 2336 1741 2358 tus
1755 2335 1855 2358 extitit
1869 2336 1896 2358 et
1910 2334 2044 2358 dominus
2058 2333 2275 2358 Bartholomeus

1697 2383 1772 2407 datis
1783 2382 1992 2406 fideiussoribus
2006 2383 2105 2406 extitit
2120 2382 2275 2411 relaxatu53

1698 2433 1724 2455 et
1734 2431 1929 2459 nihilominus,
1938 2431 2080 2454 Ferrariae
2087 2431 2275 2462 permanente,

1699 2482 1795 2512 postea
1815 2480 1919 2511 elapsis
1939 2487 1957 2503 x
1976 2479 2118 2503 mensibus
2139 2479 2182 2502 vel
2203 2479 2277 2503 circa

1700 2531 1795 2561 fugam
1815 2529 1937 2560 arripuit
1951 2529 2044 2552 dictus
2062 2527 2278 2551 Bartholomeus

1700 2581 1726 2602 et
1748 2579 1802 2602 ivit
1831 2577 2006 2609 Fregnanum
2033 2578 2060 2600 et
2084 2576 2124 2600 ibi
2150 2583 2277 2607 guerram

1702 2627 1769 2651 fecit
1789 2626 1969 2649 consortibus
1988 2627 2015 2649 et
2035 2625 2160 2649 inimicis
2174 2625 2231 2648 suis
2250 2625 2277 2648 et

1701 2676 1817 2699 domiuo
1828 2674 1987 2698 Marchioni
1999 2680 2060 2697 cum
2070 2675 2154 2705 gente
2165 2674 2192 2697 et
2203 2673 2278 2697 auxi-

1702 2724 1743 2748 lio
1764 2723 1944 2747 dominorum
1964 2721 1999 2746 da
2019 2721 2145 2746 Mantua.

1897 2791 2078 2824 Moamo:

1787 2847 1819 2870 In
1839 2846 2032 2870 Mcccxxxxwi
2052 2862 2076 2869 ..
2088 2864 2093 2869 .
2105 2863 2111 2869 .
2132 2845 2177 2869 die
2197 2852 2277 2870 vene·

1704 2896 1741 2920 ris
1760 2904 1784 2919 v.
1800 2895 1866 2919 maii
1888 2896 1916 2918 in
1930 2894 1999 2918 hora
2018 2895 2142 2918 serotina
2163 2894 2277 2918 Bartho-

1703 2945 1809 2968 lomeus
1820 2944 1853 2967 de
1863 2942 2076 2968 Montecuccolo
2087 2943 2157 2966 clam
2168 2943 2280 2974 aufugit

1705 2994 1738 3018 de
1759 2994 1875 3017 civitate
1895 2993 2019 3016 Ferrarie
2038 2992 2150 3024 hospite
2176 2991 2280 3015 insalu-

2302 1021 2342 1054 10

2303 1274 2340 1308 15

2298 1522 2340 1554 20

2299 1764 2340 1797 25

2301 2043 2343 2074 30

2303 2274 2343 2308 35

2305 2522 2347 2554 40

2305 2800 2346 2834 45
