2423 3561
69 1358 99 1375 10

62 1840 94 1857 20

59 2324 92 2349 30

59 2566 89 2592 35

57 2807 92 2831 40

1023 508 1077 543 IN

622 610 985 674 JOHANNIS
1020 613 1123 664 DE
1162 613 1472 667 BAZANO

851 721 1037 754 Chrom‘con
1061 723 1252 754 Metinense

445 802 761 836 PRAEFATIO
791 805 1056 838 LUDOVICI
1087 805 1319 838 ANTONII
1351 807 1670 852 MURATORlfli

384 1112 463 1130 amu·
483 1106 610 1134 fortasse,
630 1106 678 1137 qui
700 1107 816 1131 modulo
836 1115 886 1131 suo
906 1114 993 1131 meam
1013 1108 1085 1131 hanc
1105 1106 1313 1133 Collectionem
1329 1111 1487 1134 metientes.
1503 1118 1561 1134 non
1582 1113 1649 1136 satis
1664 1113 1763 1137 utilem
1784 1121 1897 1146 operam
1921 1123 1962 1140 ar-

128 1174 131 1186 4
397 1154 577 1178 bitrabuntur
591 1156 634 1178 tot
647 1155 778 1186 evulgare
792 1155 932 1179 Historias
947 1156 1122 1187 singularum
1136 1154 1304 1187 Civitatum,
1320 1158 1394 1188 quod
1410 1158 1571 1190 plerumque
1584 1161 1701 1193 repetita
1716 1162 1746 1185 in
1762 1162 1798 1185 iis
1821 1163 1964 1194 ipsissima

129 1206 130 1209 ’
375 1174 378 1220 i
395 1204 472 1234 gesta
492 1202 656 1226 Italicorum
677 1207 832 1227 occurrant.
871 1204 962 1228 Multa
982 1204 1117 1236 (dicentes
1138 1204 1236 1228 audire
1257 1206 1326 1229 mihi
1355 1206 1464 1238 videor)
1485 1208 1676 1239 proferuntur,
1691 1210 1738 1233 sed
1751 1210 1852 1241 quibus
1871 1210 1963 1236 Seculi

128 1214 131 1277 i
360 1222 377 1281 *i
397 1250 470 1281 xm,
490 1250 563 1281 XIV,
577 1250 600 1274 δι
620 1251 679 1275 XV.
698 1252 826 1276 Historia
841 1252 925 1276 ferme
945 1260 999 1276 una
1020 1254 1214 1284 pertractatur.
1252 1252 1329 1281 Quae
1349 1256 1474 1287 tempora
1488 1263 1666 1287 praecessere,
1680 1265 1711 1282 ac
1726 1260 1874 1291 praecipue
1900 1262 1964 1284 ante

130 1299 280 1334 AnnumIa
301 1300 415 1324 Christo
433 1302 499 1324 nato
513 1299 706 1331 Millesimum,
720 1300 842 1324 tenebris
863 1301 959 1325 nimiis
974 1301 1141 1329 circunfusa,
1156 1308 1208 1326 nos
1222 1302 1287 1326 haec
1300 1303 1442 1327 illustrata
1462 1305 1615 1329 mallemus.
1653 1306 1697 1330 Tu
1717 1314 1793 1336 vero,
1807 1307 1851 1331 hIs
1864 1307 1962 1332 dimis-

129 1351 176 1381 sis,
191 1352 219 1374 in
234 1349 438 1382 posterioribus
458 1348 633 1372 cdifferendis
647 1349 772 1372 laborem
786 1356 895 1373 omnem
910 1350 1063 1382 impendis:
1084 1352 1166 1380 atque
1185 1350 1291 1374 interea
1311 1353 1424 1378 centies.
1439 1352 1531 1376 verbis
1546 1355 1655 1377 tantum
1675 1354 1750 1384 aliis,
1764 1355 1859 1378 eadem
1879 1356 1962 1379 nobis

130 1400 310 1423 munumenta
331 1398 481 1430 propinas:
501 1405 554 1428 qua
575 1405 607 1421 ex
629 1405 656 1420 re
676 1399 802 1422 toedium
815 1399 909 1430 potius
929 1406 1010 1430 quam
1032 1399 1163 1431 voluptas
1178 1398 1292 1423 Lectori
1308 1401 1421 1423 creetur.
1461 1399 1563 1424 Verum
1582 1402 1647 1430 alia,
1662 1404 1692 1426 ut
1705 1409 1794 1436 spero,
1814 1404 1961 1428 meliorum

128 1447 267 1471 sententia
286 1446 348 1470 erit.
385 1445 455 1469 Nam
476 1446 551 1476 quod
566 1446 646 1478 plura
660 1446 775 1470 minime
794 1454 903 1470 exeram
924 1448 958 1471 ad
979 1448 1157 1471 remotiorem
1176 1448 1332 1471 Historiam
1352 1450 1520 1480 opportuna,
1543 1449 1572 1472 id
1587 1456 1644 1473 non
1661 1451 1733 1474 vitio
1747 1451 1818 1475 mihi
1838 1452 1960 1476 tribuen-

127 1496 201 1524 dum,
215 1495 262 1519 sed
281 1494 371 1518 fluxae
384 1494 568 1518 humanarum
589 1502 679 1518 rerum
699 1494 838 1523 fortunae,
852 1503 935 1526 quum
955 1498 999 1519 tot
1013 1504 1026 1519 e
1040 1497 1140 1528 priscis
1160 1495 1297 1520 Historiis
1317 1497 1477 1525 ceciderint,
1497 1504 1564 1528 quas
1585 1504 1674 1522 meum
1695 1506 1752 1523 non
1766 1501 1808 1523 est
1821 1500 1960 1532 pristinae

127 1544 238 1568 reddere
259 1544 342 1567 vitae.
380 1542 576 1574 Quaecumque
596 1550 662 1574 ergo
682 1545 839 1574 supersunt.
859 1544 883 1567 si
904 1551 954 1575 ego
974 1545 1034 1576 pari
1056 1545 1162 1576 eripere
1183 1545 1340 1569 calamitati
1361 1547 1498 1569 statutum
1517 1546 1614 1575 habeo,
1634 1547 1715 1577 illud,
1736 1550 1776 1572 uti
1799 1555 1880 1573 nemo
1901 1557 1957 1573 non

127 1593 211 1620 videt,
240 1593 269 1616 in
297 1591 425 1624 publicae
451 1591 620 1614 eruditionis
645 1593 826 1623 augmentum
846 1591 869 1615 Sl
889 1593 1067 1616 commodum
1092 1593 1290 1617 tantummodo
1318 1600 1429 1625 vergere
1450 1596 1548 1625 possit.
1586 1594 1681 1626 Neque
1701 1604 1767 1620 vero
1791 1599 1839 1621 aut
1859 1598 1958 1622 inutili

126 1648 214 1665 merce
233 1641 328 1665 charta
348 1642 489 1669 oneratur,
503 1642 552 1663 aut
565 1640 686 1672 sapienti
702 1640 810 1671 aliquid
824 1641 890 1665 inde
909 1641 1000 1664 toedii
1020 1642 1198 1666 metuendum
1218 1643 1273 1669 est;
1296 1648 1359 1665 nam
1372 1643 1425 1666 etsi
1441 1644 1469 1666 in
1484 1642 1643 1667 Civitatum
1663 1644 1850 1677 singularium
1871 1645 1958 1669 Chro-

125 1690 197 1714 nicis
215 1690 309 1714 eadem
329 1695 409 1720 saepe
430 1688 503 1712 sacta
530 1691 702 1718 enarrentur,
729 1690 852 1712 attamen
878 1689 943 1712 dum
969 1690 1088 1713 alterum
1108 1691 1143 1713 ab
1161 1690 1251 1714 altero
1273 1691 1388 1714 minime
1412 1691 1582 1723 descriptum
1606 1692 1644 1722 tit,
1664 1693 1726 1725 ipsa
1746 1693 1797 1716 illa
1818 1694 1900 1717 unius
1920 1695 1959 1718 rei

125 1739 198 1762 inter
217 1746 244 1762 se
264 1738 374 1762 diversa
395 1737 521 1760 narratio
537 1737 698 1769 plerumque
717 1737 855 1769 judicium
869 1738 999 1761 criticum
1014 1737 1140 1762 Lectoris
1154 1740 1233 1771 juvat
1249 1739 1282 1762 ad
1299 1740 1414 1772 propius
1432 1740 1628 1771 attingendam
1648 1743 1774 1765 actorum
1797 1743 1959 1771 Veritatem,

125 1794 273 1818 eorumque
293 1792 411 1813 caussas
431 1787 513 1816 atque
533 1784 767 1817 Chronologiam.
804 1786 848 1809 Da
868 1786 936 1809 mihi
958 1785 1112 1816 Lectorem,
1131 1788 1177 1811 cui
1197 1789 1299 1812 mentis
1319 1788 1491 1820 perspicacia
1506 1796 1563 1812 non
1577 1789 1666 1813 desit:
1686 1790 1709 1813 is
1731 1791 1833 1814 ornissa
1847 1791 1882 1814 ab
1901 1798 1958 1815 uno

125 1835 268 1859 Historico
289 1834 362 1867 apud
382 1833 501 1857 alterum
523 1834 678 1862 inveniens,
699 1832 721 1857 ἃ
742 1835 836 1858 varios
862 1834 1009 1858 hominum
1037 1835 1217 1859 scribentium
1244 1836 1363 1865 affectus,
1385 1836 1611 1869 multiplicesque
1631 1838 1662 1862 de
1683 1845 1738 1862 una
1758 1846 1787 1862 re
1806 1840 1960 1863 sententias

125 1883 306 1916 perpendens,
321 1884 433 1915 singula
453 1882 571 1911 confert,
586 1880 609 1905 δι
624 1881 690 1905 inde
709 1884 842 1913 quantum
857 1882 917 1906 fieri
936 1885 1029 1915 potest
1042 1883 1077 1907 ad
1092 1886 1164 1908 recte
1177 1884 1359 1916 judicandum
1374 1885 1407 1908 de
1421 1885 1500 1908 rebus
1514 1886 1583 1917 ipsis
1603 1888 1698 1918 aptior
1718 1887 1843 1911 efficitur.
1875 1886 1958 1915 Quod

124 1931 149 1955 si
168 1932 313 1963 pleraeque
332 1932 483 1959 Historiae,
504 1939 572 1962 quae
587 1931 617 1954 in
633 1930 723 1954 Tomo
744 1931 800 1954 isto
820 1931 968 1964 prodeunt,
983 1934 1031 1955 aut
1044 1932 1074 1955 in
1089 1933 1228 1964 proximis
1249 1933 1315 1957 aliis
1329 1933 1504 1965 prodierunt,
1525 1936 1606 1965 atque
1626 1935 1791 1966 prodibunt,
1811 1937 1959 1968 praecipue

126 1982 272 2004 versantur
290 1980 321 2003 in
340 1980 505 2004 Italicorum
524 1980 610 2012 gestis
631 1986 678 2012 per
699 1980 754 2003 tria
773 1982 821 2003 aut
835 1982 954 2010 quatuor
968 1979 1074 2010 Secula,
1088 1981 1202 2005 Annum
1228 1981 1334 2006 Christi
1356 1981 1539 2006 Millesimum
1559 1981 1582 2006 δι
1603 1981 1867 2015 Quingentesimum
1883 1992 1958 2017 prae—

125 2028 265 2052 cedentia:
285 2028 565 2053 animadvertendum
580 2029 629 2055 est,
644 2027 753 2051 nullum
768 2027 887 2052 fortasse
901 2029 1008 2060 tempus
1027 2028 1165 2053 effluxisse
1186 2033 1249 2062 post
1264 2029 1466 2062 Langobardos
1482 2032 1510 2054 in
1524 2031 1637 2055 italiam
1652 2032 1788 2058 invectos,
1803 2040 1858 2063 quo
1872 2033 1958 2056 latius

82 2083 91 2089 ”
124 2079 318 2109 argumentum
337 2077 481 2101 Historiae
508 2076 591 2100 nobis
611 2076 796 2104 ministretur,
816 2077 997 2109 pluribusque
1019 2077 1211 2110 Scriptoribus
1233 2080 1270 2101 sit
1288 2086 1368 2111 opus,
1389 2081 1419 2102 ut
1439 2079 1597 2102 universam
1616 2079 1717 2104 Italiae
1738 2081 1835 2105 faciem
1857 2081 1958 2112 digno-

124 2133 197 2150 scere
216 2127 366 2159 possimus.
403 2125 497 2156 Neque
516 2126 591 2149 enim
611 2126 678 2148 tunc
698 2125 754 2148 duo
776 2128 886 2149 tantum
910 2125 1012 2157 Populi
1034 2127 1081 2150 aut
1101 2126 1189 2158 Reges
1209 2127 1242 2150 de
1260 2127 1342 2159 hujus
1362 2127 1453 2158 Regni
1475 2129 1594 2159 imperio
1615 2129 1772 2157 certabant;
1793 2129 1840 2152 sed
1861 2130 1956 2152 omnia

123 2175 294 2207 perturbata,
315 2173 446 2205 nullaque
466 2172 578 2197 Civitas
605 2175 671 2201 erat,
697 2181 767 2204 quae
787 2175 844 2197 tam
864 2174 1014 2198 diuturnae
1034 2173 1207 2207 Tragoediae
1231 2175 1371 2203 immixta,
1399 2177 1480 2206 atque
1499 2176 1655 2200 identidem
1675 2177 1704 2200 in
1726 2184 1856 2201 scoenarn
1876 2180 1956 2209 rapta

124 2229 182 2247 non
201 2222 296 2246 fuerit.
332 2222 362 2246 Si
382 2222 444 2253 quis
465 2222 622 2245 Historiam
649 2222 836 2253 singularium
862 2221 979 2245 Urbium
1005 2223 1104 2247 Italiae
1123 2231 1139 2247 a
1159 2226 1269 2247 centum
1290 2226 1354 2247 ante
1379 2225 1461 2247 annis
1480 2225 1534 2247 sibi
1556 2225 1730 2248 scribendam
1749 2228 1876 2250 sumeret.
1896 2233 1956 2250 eum

123 2270 202 2294 brevi
222 2272 350 2294 materies
371 2270 513 2298 deficeret;
534 2271 642 2302 pacatis
662 2270 765 2301 quippe
784 2271 956 2303 temporibus
978 2272 1026 2295 vix
1047 2273 1123 2304 ipsae
1143 2272 1323 2305 MetropoleS,
1344 2273 1445 2296 nedum
1467 2274 1588 2297 minores
1609 2274 1703 2301 Urbes,
1723 2274 1830 2305 aliquid
1851 2275 1957 2305 grande

120 2326 152 2343 ac
170 2318 298 2343 Historia
318 2319 435 2350 dignum
455 2318 648 2350 suppeditant.

207 2367 304 2398 Itaque
324 2367 436 2391 tametsi
455 2367 546 2390 Tomo
568 2366 615 2390 XI.
635 2365 824 2391 Collectionis
845 2367 926 2401 hujus
941 2375 1016 2392 meae
1039 2369 1163 2393 dederim
1189 2370 1305 2395 Annales
1318 2374 1422 2394 veteres
1443 2371 1637 2401 *watinensium
1666 2373 1726 2395 tum
1742 2372 1884 2396 Chrom‘con
1899 2373 1958 2395 Λίπ-

121 2416 220 2439 tinense
239 2417 357 2446 Moruni,
376 2416 447 2440 mihi
460 2418 553 2440 tamen
567 2423 628 2448 spes
642 2418 683 2439 est
699 2416 766 2443 fore,
781 2418 810 2440 ut
825 2416 933 2441 lubenti
947 2417 1031 2441 etiam
1046 2418 1186 2448 hilarique
1201 2419 1297 2443 animo
1312 2420 1462 2442 ,Mutinense
1477 2420 1618 2443 chronicon
1640 2419 1771 2449 Johmmis
1784 2421 1816 2443 de
1838 2421 1952 2450 Brizana,

121 2464 196 2495 quod
217 2472 290 2489 nunc
309 2465 435 2489 editurus
455 2472 523 2489 sum.
544 2465 578 2488 ab
596 2465 768 2489 eruditionis
796 2465 928 2497 antiquae
948 2466 1121 2490 amatoribus
1141 2467 1308 2499 excipiatur,
1329 2468 1370 2491 uti
1391 2466 1413 2491 δι
1435 2467 1558 2497 reliquae
1576 2467 1727 2496 Historiae,
1747 2476 1813 2499 quas
1834 2469 1956 2492 tenebris

122 2514 229 2544 ereptas
249 2513 311 2537 heic
331 2520 390 2537 sum
410 2513 471 2536 dias
491 2514 521 2536 in
542 2513 658 2536 luminis
678 2520 741 2536 oras
761 2513 952 2545 perducturus.
990 2514 1070 2538 Illius
1091 2515 1249 2547 exemplum
1269 2518 1334 2539 ante
1349 2523 1439 2539 annos
1460 2518 1579 2539 centum.
1600 2517 1629 2539 ut
1645 2516 1800 2546 videbatur,
1820 2517 1954 2548 scriptum

121 2561 157 2584 ab
175 2561 374 2586 indoctissimo
394 2561 527 2585 Librario
548 2561 768 2593 corruptissime.
788 2562 965 2593 sordidisque
980 2563 1195 2591 characteribus,
1210 2564 1299 2596 reperi
1316 2566 1344 2587 in
1360 2564 1536 2588 Bibliotheca
1557 2563 1796 2597 Congregationis
1823 2565 1955 2589 Sacerdo-

122 2610 188 2639 tum,
209 2610 256 2640 qui
277 2610 327 2633 sub
346 2610 433 2634 titulo
453 2610 550 2633 Sancti
565 2610 662 2634 Caroli
678 2609 784 2640 pietate
797 2610 879 2634 simul
895 2618 925 2634 ac
940 2611 1070 2635 doctrina
1084 2612 1157 2644 apud
1173 2619 1223 2635 nos
1240 2612 1358 2644 fulgent,
1371 2613 1554 2643 omniumque
1574 2613 1815 2637 existimationem
1837 2612 1860 2637 δι
1880 2622 1955 2638 amo-

124 2665 179 2681 rem
199 2657 254 2681 sibi
274 2658 440 2682 conciliant.
459 2658 527 2682 Eam
546 2665 613 2690 ergo
633 2658 704 2682 mihi
723 2665 739 2682 a
752 2660 996 2691 praestantissimo
1016 2660 1079 2683 viro
1098 2660 1225 2685 Domino
1251 2660 1467 2684 Bartholomaeo
1486 2660 1643 2689 Sassarino,
1662 2661 1761 2685 Sacrae
1781 2662 1955 2694 Theologiae

122 2705 254 2734 Doctore,
274 2707 450 2739 ejusdemque
471 2706 720 2738 Congregationis.
735 2705 757 2730 δέ
772 2705 896 2739 Collegii
917 2708 1058 2732 nobilium
1072 2715 1221 2740 puerorum
1244 2709 1362 2733 Rectore
1381 2709 1595 2738 commodatam,
1611 2717 1665 2733 non
1682 2711 1742 2734 sinc
1757 2710 1845 2734 multo
1860 2711 1956 2734 labore

123 2761 136 2777 e
156 2754 264 2778 vitioso
284 2755 454 2787 antigrapho
468 2755 558 2782 hausi,
579 2755 747 2786 dignamque
760 2755 966 2787 planercensui,
980 2763 1049 2787 quae
1063 2757 1128 2780 aliis
1143 2757 1347 2780 Mutinensium
1362 2758 1551 2781 monumentis
1563 2758 1769 2790 adjungeretur,
1789 2765 1954 2789 quamquam

124 2802 162 2825 ibi
182 2802 290 2833 aliquid
312 2803 378 2827 vitii
399 2802 488 2826 adhue
508 2803 594 2826 latere
614 2804 705 2835 possit
719 2803 748 2826 in
764 2804 925 2828 nominibus
944 2805 1092 2829 hominum
1107 2807 1155 2829 aut
1169 2805 1304 2829 locorum.
1325 2804 1347 2828 ὀὶ
1368 2806 1397 2829 in
1418 2806 1519 2829 ordine
1539 2806 1759 2838 Chronologine.
1797 2806 1831 2830 Et
1851 2815 1881 2830 ea
1895 2808 1955 2838 qui-

122 2849 183 2873 dem
202 2852 312 2882 praesto
333 2851 389 2875 suit
407 2850 556 2875 Ludovico
576 2850 719 2875 Vedriano
739 2851 884 2876 Sacerdoti
905 2852 1144 2885 Congregationis
1159 2861 1247 2886 nuper
1260 2854 1397 2878 laudatae.
1412 2861 1495 2884 quum
1510 2854 1665 2878 Historiam
1680 2855 1868 2878 Mutinensem
1889 2857 1954 2879 scri-

121 2898 206 2927 beret,
226 2898 353 2923 Mutinae
372 2899 478 2923 editam
498 2900 584 2923 Anno
613 2898 686 2931 1667,
707 2900 752 2924 sed
773 2901 831 2934 ejus
851 2900 1003 2925 Auctorem
1025 2903 1048 2925 is
1069 2902 1184 2925 minime
1211 2903 1301 2931 novit,
1321 2901 1344 2925 ὁὶ
1365 2905 1436 2926 certe
1456 2903 1529 2926 inter
1551 2902 1707 2935 Scriptores
1727 2902 1901 2928 Mutinenses
1921 2905 1954 2927 ab
