2423 3561
47 807 85 838 lO

54 1053 92 1085 15

56 1296 98 1326 20

61 1536 102 1569 25

62 1781 106 1811 3Θ

63 2011 105 2045 35

60 2255 101 2286 40

64 2482 104 2514 45

78 2728 118 2760 50

809 203 1211 247 lNTRODUZIONE

112 268 1940 305 ..........................................................................................................................................................................................................

451 349 627 380 BAzzAno
636 358 644 378 ε

105 430 309 456 campanarum,
329 424 356 446 et
376 429 437 445 cum
457 421 555 444 multis
575 418 640 443 aliis
660 416 860 441 instrumentis
882 414 1004 438 sonanti-

105 475 164 501 bus,
184 474 296 496 iverunt
315 470 427 495 obviam
448 470 501 500 ipsi
522 468 590 499 Regi
613 473 698 497 usque
713 466 744 489 ad
766 465 865 488 flumen
878 462 1002 487 Siculae:

108 523 146 546 ibi
166 521 253 545 eidem
280 519 349 550 Regi
376 518 490 542 traditis
516 516 642 540 clavibus
667 515 794 537 civitatis
821 511 948 536 Mutinae
976 510 1004 532 in

107 571 184 595 dicto
203 569 316 593 flumine
336 568 395 591 sive
415 566 493 597 glara
513 565 580 588 dicti
597 564 721 587 fluminis
735 569 782 594 per
803 560 913 584 nobiles
930 559 1006 582 viros

109 617 281 650 [Guidonem
295 616 334 647 et]
348 614 526 639 Mansredum
538 610 690 644 [Vicarios]
702 611 791 642 ipsius
804 609 889 639 Regis
901 609 929 630 in
941 607 1008 629 civi-

109 669 167 691 tate
186 666 326 693 Mutinae,
347 665 374 687 et
395 663 441 687 die
460 662 543 686 lunae
563 661 690 691 seguenti
711 659 839 682 homines
853 656 966 680 Artium
981 662 1008 678 se

111 714 355 747 congregaverunt
376 713 405 736 in
428 711 531 735 maiori
544 709 663 733 ecclesia
678 707 807 731 Mutinae
821 705 1009 729 exclamantes

113 767 141 789 et
159 765 286 796 petentes
306 769 367 786 cum
383 762 476 784 furore
496 759 638 782 Vicarium
662 758 799 780 forensem
819 756 859 778 eis
879 754 938 778 dari
959 759 1007 784 per

116 815 222 838 dictum
235 811 348 842 Regem,
363 810 483 833 elevatis
497 808 623 839 caputeis
636 813 733 829 eorum
743 805 776 828 de
791 803 930 834 capitibus
944 802 1008 827 suis.

126 869 194 894 quae
208 861 303 884 omnia
317 861 450 889 tanquam
470 855 588 888 puerilia
605 856 631 878 in
647 854 816 877 derisionem
832 851 1012 874 transierunt.

218 1729 253 1754 Et
272 1731 339 1753 tunc
358 1728 435 1751 dicto
455 1728 578 1756 tempore
593 1724 637 1747 die
651 1721 737 1754 [iovis
752 1722 823 1753 xviij
840 1717 950 1751 aprilis]
966 1717 1027 1741 Rex

131 1779 250 1803 tradidit
261 1778 377 1802 domino
388 1775 536 1800 Mansredo
550 1774 582 1798 de
595 1773 653 1796 Piis
665 1778 768 1795 merum
781 1768 832 1802 [et]
845 1770 964 1792 mixtum
977 1768 1025 1790 im—

131 1829 239 1860 perium
258 1826 310 1858 [et]
330 1826 418 1857 gladii
433 1824 599 1856 potestatem
621 1822 703 1845 castri
725 1819 809 1850 Carpi
832 1817 881 1850 [et]
901 1818 1025 1840 omnium

132 1877 360 1901 iurisdictionum
382 1875 471 1906 ipsius
489 1874 516 1896 et
536 1872 641 1895 curiam
655 1870 687 1893 de
702 1868 794 1900 Carpo
814 1869 841 1891 et
855 1873 955 1898 pascua
976 1864 1028 1898 Qu—

132 1925 280 1957 mignolae.

220 1973 299 1997 Tunc
319 1974 414 2004 aperta
433 1973 460 1995 et
479 1971 633 1994 dismurata
655 1968 709 1992 suit
729 1968 810 1998 porta
823 1965 937 1998 Saligeti
954 1964 1027 1987 etita

133 2026 228 2054 aperta
249 2025 275 2046 et
292 2022 347 2045 sine
367 2021 447 2045 ianua
465 2020 540 2044 stetit
553 2020 647 2049 plures
667 2017 722 2040 dies
741 2019 882 2045 noctesque,
904 2014 943 2036 ita
962 2013 1030 2043 quod

134 2072 217 2095 libere
235 2079 321 2094 omnes
339 2071 370 2094 de
384 2070 427 2093 die
440 2077 471 2092 ac
484 2069 517 2092 de
529 2071 601 2091 nocte
610 2068 738 2096 poterant
756 2064 860 2087 intrare
873 2065 900 2085 et
913 2062 982 2085 exire
997 2062 1028 2084 de

135 2120 264 2149 civitate,·
284 2126 352 2150 quae
372 2120 454 2143 antea
474 2118 532 2141 erat
553 2117 660 2139 murata
681 2121 728 2146 per
747 2113 841 2146 plures
861 2118 957 2136 annos.

228 2529 264 2553 Et
277 2528 372 2552 eodem
392 2527 437 2551 die
457 2526 602 2550 dominum
622 2523 781 2547 Guidonem
796 2523 829 2546 de
842 2522 902 2545 Piis
915 2521 1032 2544 militari

143 2578 257 2609 cingulo
277 2577 428 2601 decoravit,

231 2674 267 2700 Et
286 2674 363 2698 dicto
386 2673 430 2696 die
457 2673 532 2695 iovis
559 2671 630 2704 xviij
658 2670 756 2701 aprilis
784 2669 956 2700 proclamata
984 2668 1038 2690 suit

144 2731 199 2756 pax
220 2724 293 2747 inter
312 2723 417 2746 dictum
437 2721 582 2744 dominum
602 2718 704 2749 Regem
731 2720 758 2741 et
783 2718 926 2741 dominum
954 2716 1039 2746 Lega-

146 2774 204 2796 tum
225 2771 372 2795 Ecclesiae.
913 2760 915 2762 ’

236 2925 242 2942 ¹
263 2924 370 2953 Questo
391 2932 472 2957 passo
491 2922 505 2947 'e
519 2924 564 2947 dal
578 2922 699 2946 Morano
713 2924 826 2955 portato
841 2921 871 2945 in
884 2921 946 2948 fine,
966 2920 1040 2952 dopo

149 2977 215 2994 aver
235 2970 312 2994 detto
332 2970 381 2993 che
403 2970 423 2992 il
451 2976 478 2992 re
498 2967 644 2992 Giovanni
671 2964 746 2998 part}
772 2966 794 2989 11
820 2972 852 2997 ²3
879 2965 968 2997 aprile
993 2971 1042 2996 per

1411 334 1574 367 MORAuo
1585 343 1592 363 ε

1058 411 1201 442 triumpho
1222 410 1344 433 maximo
1364 407 1493 431 tubarum
1512 407 1539 429 et
1554 408 1750 434 campanarum
1763 402 1790 424 et
1803 406 1866 423 cum
1886 396 1953 420 mul—

1059 461 1096 483 tis
1116 460 1181 483 aliis
1202 457 1396 482 instrumentis
1415 454 1593 482 choreizamlo,
1609 451 1726 475 euntibus
1745 449 1857 472 obviam
1877 447 1954 470 dicto

1059 508 1129 539 Regi
1150 515 1234 538 usque
1249 507 1282 530 ad
1297 505 1396 529 flumen
1417 503 1516 529 situle,
1535 501 1612 532 quasi
1629 499 1742 524 omnibus
1761 500 1847 521 sertas
1866 495 1956 519 haben·

1061 557 1127 580 tibus
1147 557 1173 579 in
1193 563 1280 579 eorum
1300 553 1435 584 capitibus,
1458 551 1510 574 sibi
1531 549 1620 573 eidem
1640 547 1709 577 Regi
1730 545 1843 569 traditis
1870 543 1957 566 clavi-

1061 606 1112 629 bus
1131 605 1258 629 civitatis
1278 603 1387 626 Mutine
1407 602 1434 624 in
1450 601 1527 623 dicto
1546 598 1658 622 flumine
1672 600 1725 626 per
1744 594 1852 618 nobilem
1870 592 1957 615 virum

1065 655 1238 686 [blan-fredum
1259 654 1290 676 de
1311 651 1369 675 Piis
1398 649 1526 673 ricarimn
1548 647 1637 678 ipsius
1656 644 1763 668 domini
1779 642 1864 672 Regis
1879 641 1906 664 in
1922 641 1958 663 ci-

1065 706 1152 728 vitate
1172 703 1274 726 eadem.
1295 701 1359 730 ip5is
1379 697 1561 730 ignorantibus
1579 695 1643 727 quid
1666 695 1820 720 clamarent,
1847 691 1959 713 claman-

1065 754 1148 776 tibus:
1176 750 1348 774 ‘Moriuntur
1369 748 1486 779 gabdle,
1514 745 1598 770 datia,
1621 744 1715 767 colecte
1743 744 1768 764 et
1792 738 1959 771 gravamina

1066 801 1210 825 universa’
1230 800 1256 822 et
1272 796 1465 828 postulantibus
1491 794 1542 817 sibi
1566 793 1598 816 ab
1625 792 1687 822 ipso
1713 789 1787 820 Rege
1816 788 1959 811 Vicarium

1070 851 1205 873 forensem
1226 846 1349 871 constitui
1367 845 1392 868 iu
1412 844 1524 867 civitate
1543 842 1632 865 eadem
1654 841 1681 863 et
1695 838 1750 862 alia
1764 837 1885 868 plurima
1899 842 1962 866 pue-

1068 899 1131 921 rilia
1146 897 1292 929 sacieudo‚·
1318 901 1423 925 quorum
1450 890 1637 915 Alutinensium
1656 887 1716 920 filii
1740 887 1777 910 ad
1800 885 1895 909 dictum
1922 891 1962 907 rn-

1068 954 1163 970 morem
1184 948 1210 968 et
1221 945 1321 977 furore
1347 941 1454 965 maximo
1481 939 1629 963 inciderunt
1646 944 1731 961 omnes
1750 935 1859 958 arbores
1883 932 1963 956 cuius-

1069 996 1129 1018 dam
1138 994 1211 1024 petie
1231 996 1304 1016 terre
1313 991 1400 1021 posite
1418 990 1445 1012 in
1464 989 1548 1019 burgo
1571 986 1699 1010 Citanove
1713 983 1793 1007 Petri
1804 981 1915 1006 Antonii
1932 980 1965 1003 de

1070 1042 1225 1073 Dragettis‚
1242 1041 1286 1071 qui
1299 1040 1397 1063 dicitur
1412 1035 1599 1068 Scaaezagelfus,
1616 1032 1854 1063 recumpensatione
1869 1037 1964 1055 εονηηι,

1069 1085 1139 1116 quod
1157 1085 1225 1107 idem
1245 1080 1426 1112 Scanagelsus
1441 1079 1531 1110 gessit
1549 1077 1574 1100 in
1594 1084 1638 1099 suo
1657 1074 1749 1107 officio,
1767 1074 1804 1097 ad
1821 1072 1889 1103 quod
1907 1073 1966 1093 erat

1071 1135 1108 1158 ad
1127 1133 1281 1164 exigendum
1296 1134 1348 1161 pro
1368 1129 1468 1153 comuni
1487 1127 1590 1151 lilutim·
1615 1126 1705 1154 collas,
1733 1121 1964 1148 condemnationes,

1073 1184 1183 1206 mulctas
1209 1184 1234 1204 et
1253 1180 1308 1203 alia
1325 1177 1493 1209 gravamina
1513 1175 1646 1203 universa,
1668 1181 1712 1196 nec
1738 1179 1785 1195 non
1812 1170 1916 1193 vineam
1942 1171 1967 1191 et

1072 1232 1175 1255 bladum
1197 1233 1255 1253 tunc
1275 1229 1412 1252 existentes
1431 1226 1457 1248 ιἰι
1477 1225 1534 1254 ipsa
1549 1223 1625 1253 petia
1640 1225 1713 1245 terre
1728 1219 1871 1243 evellentes
1885 1220 1911 1239 et
1924 1217 1967 1239 de-

1072 1282 1202 1303 struentes
1221 1278 1247 1301 in
1267 1280 1346 1300 totum
1368 1278 1393 1298 et
1411 1272 1548 1297 clamando
1569 1275 1622 1301 per
1647 1269 1784 1293 civitatem
1813 1266 1819 1278 ‘
1831 1265 1968 1289 Moriatur

1075 1326 1256 1358 Scanagelfus
1269 1327 1275 1337 ’
1296 1328 1322 1348 et
1335 1323 1387 1347 nisi
1404 1322 1471 1353 quod
1486 1320 1573 1350 latuit,
1596 1319 1703 1342 eundem
1723 1314 1926 1348 interfecissent.
1946 1313 1971 1336 si

1075 1386 1129 1400 eum
1150 1375 1313 1400 invenissent.
1351 1372 1404 1395 Die
1424 1372 1515 1394 autem
1536 1369 1600 1392 lune
1618 1366 1743 1398 seguenti
1764 1364 1891 1388 homines
1917 1360 1970 1383 Ar-

1074 1426 1146 1450 tium
1160 1432 1188 1448 se
1202 1421 1444 1454 congregaverunt
1456 1419 1487 1442 in
1500 1417 1624 1441 Ecclesia
1638 1414 1742 1438 maiori.
1755 1413 1781 1436 in
1795 1420 1845 1443 qua
1864 1418 1971 1441 congre-

1073 1474 1185 1506 gatione
1197 1473 1314 1505 fuerunt
1332 1471 1404 1493 ultra
1418 1465 1633 1499 quamduomillia
1652 1463 1763 1487 homines
1786 1464 1818 1490 et,
1834 1459 1898 1490 ip5is
1917 1466 1972 1482 con—

1074 1522 1211 1555 gregatis,
1240 1522 1368 1544 venerunt
1393 1517 1418 1540 in
1440 1517 1535 1547 platea
1562 1514 1598 1538 sic
1625 1512 1821 1537 exclamantes,
1848 1508 1972 1539 caputeis

1077 1573 1203 1596 elevatis,
1223 1572 1251 1594 et
1270 1570 1394 1602 petentes
1420 1566 1563 1590 Vicarium
1592 1564 1728 1586 forensem
1756 1560 1807 1583 sibi
1836 1559 1895 1582 dari
1923 1564 1971 1588 per

1079 1622 1184 1645 dictum
1204 1619 1321 1649 Regem:
1343 1624 1393 1647 que
1414 1615 1508 1638 omnia
1528 1615 1660 1643 tanquam
1680 1609 1799 1641 puerilia
1814 1609 1842 1630 in
1854 1606 1968 1630 derisio-

1084 1677 1144 1693 nem
1165 1675 1292 1692 conversa
1306 1666 1429 1698 ficerunt.

1168 1715 1175 1731 ¹
1189 1736 1193 1741 .
1206 1736 1211 1740 .
1225 1717 1283 1740 ..et
1304 1716 1450 1743 antequam
1471 1709 1622 1735 discederet
1637 1707 1716 1739 plura
1731 1705 1885 1729 concessit:
1906 1709 1968 1725 nam

1080 1766 1198 1790 tradidit
1219 1770 1321 1787 merum
1343 1764 1369 1785 et
1390 1761 1508 1783 mixtum
1530 1757 1676 1788 imperium
1689 1756 1716 1778 et
1736 1753 1823 1784 gladii
1851 1752 1971 1783 potesta-

1081 1819 1136 1839 tem
1157 1814 1239 1838 castri
1261 1812 1345 1842 Carpi
1366 1812 1392 1833 et
1412 1809 1536 1832 omnium
1552 1805 1781 1829 iurisdictionum
1797 1802 1884 1832 ipsius
1900 1799 1974 1822 Man-

1083 1864 1161 1888 fredo
1181 1863 1213 1886 de
1232 1861 1292 1885 Piis
1310 1861 1337 1883 et
1357 1864 1489 1890 pascuum
1513 1853 1680 1885 Zimignole.

1169 1960 1203 1983 Et
1228 1962 1294 1982 tunc
1322 1957 1416 1988 aperta
1443 1953 1497 1977 fuit
1523 1954 1549 1976 et
1575 1951 1727 1975 dismurata
1756 1949 1837 1979 porta
1857 1945 1969 1969 Saliceti

1081 2018 1133 2043 que
1153 2011 1234 2033 antea
1255 2008 1344 2031 fuerat
1365 2005 1471 2028 murata
1492 2009 1539 2033 per
1559 2000 1652 2031 plures
1672 2004 1768 2022 annos.

1171 2178 1205 2202 Et
1219 2178 1264 2201 die
1277 2175 1375 2200 martis
1389 2172 1433 2204 [τό
1445 2169 1544 2202 aprile]
1559 2168 1700 2201 predictus
1713 2165 1773 2189 Rex
1789 2165 1842 2188 ivit
1857 2164 1890 2187 ad
1910 2169 1974 2194 par.

1085 2230 1237 2254 lamentum
1257 2232 1318 2249 cum
1339 2224 1443 2254 Legato
1463 2219 1585 2244 Ecclesie
1606 2217 1639 2241 ad
1653 2215 1783 2240 Castrum
1796 2213 1933 2236 Francum
1948 2214 1975 2234 et

1085 2281 1151 2302 tunc
1183 2282 1279 2299 omnes
1314 2272 1422 2296 nobiles
1451 2268 1600 2293 extrinseci
1633 2266 1804 2289 mutinenses
1836 2262 1972 2285 venerunt

1091 2327 1203 2350 obviam
1224 2324 1300 2348 dicto
1320 2321 1389 2351 Regi
1411 2321 1437 2343 et
1457 2316 1654 2342 descendentes
1673 2313 1752 2344 equis
1771 2311 1824 2342 ipsi
1845 2309 1914 2340 Regi
1942 2315 1983 2339 ge-

1087 2375 1168 2399 nibus
1187 2373 1266 2396 flexis
1279 2369 1447 2394 detulerunt.
1485 2365 1519 2389 Et
1540 2363 1664 2395 sequenti
1685 2361 1730 2384 die
1745 2359 1872 2383 mercurii
1888 2358 1980 2381 dictus

1086 2423 1147 2447 Rex
1168 2423 1267 2445 iterum
1289 2420 1342 2442 ivit
1363 2417 1395 2440 ad
1416 2415 1619 2447 parlamentum
1633 2417 1694 2434 cum
1709 2409 1785 2432 dicto
1799 2407 1915 2431 domino
1931 2405 1978 2428 Le-

1088 2473 1155 2502 gato
1176 2470 1208 2493 ad
1230 2472 1331 2492 terram
1351 2464 1500 2490 Plumatm

1088 2522 1115 2543 et
1135 2519 1179 2542 die
1201 2518 1274 2540 iovis
1293 2514 1418 2546 sequenti
1440 2511 1522 2535 rediit
1543 2512 1570 2533 et
1597 2508 1713 2532 militari
1741 2505 1855 2536 cingulo
1875 2504 1985 2527 decora·

1092 2569 1133 2591 vit
1153 2567 1297 2591 dominum
1317 2562 1476 2586 Guidonem
1497 2560 1528 2583 de
1549 2557 1608 2581 Plis
1621 2559 1698 2586 super
1712 2553 1896 2583 circumspatia
1908 2551 1986 2575 maio-

1093 2618 1132 2641 ris
1153 2614 1260 2640 ecclesie
1279 2612 1391 2636 AIutine.

1181 2663 1215 2687 Et
1235 2663 1310 2686 dicta
1330 2656 1377 2684 die
1395 2659 1420 2682 in
1440 2665 1514 2681 mane
1528 2655 1633 2679 cridata
1649 2653 1703 2676 suit
1717 2659 1772 2683 pax
1785 2651 1811 2674 in
1826 2650 1897 2674 dicta
1911 2652 1986 2672 terra

1098 2712 1229 2738 Plumatii
1247 2713 1320 2734 inter
1340 2708 1484 2732 dominum
1504 2704 1606 2735 Regem
1626 2703 1653 2726 et
1672 2701 1817 2725 dominum
1845 2698 1989 2729 Legatum.

1095 2918 1205 2949 Reggio
1224 2923 1238 2939 e
1258 2915 1365 2939 Parma.
