2423 3561
826 202 1189 238 INTRODUZION
1195 202 1225 235 E
1773 194 1943 231 XXXIX

118 341 264 382 aliquam
284 337 538 379 cinquantinam
556 336 724 367 ocaxione
748 336 898 376 ipsorum
917 334 1080 365 celtarum
1098 333 1262 364 bonerum
1279 331 1332 362 vel
1350 330 1581 373 gravaminum
1599 330 1654 361 vel
1671 329 1814 360 alicuius
1830 335 1948 357 eorum

118 391 209 435 quod
232 391 258 422 si
277 389 545 422 contrafecerint
569 388 623 420 vel
647 388 804 429 predicta
827 398 896 419 non
928 385 1183 418 observaverint
1214 395 1257 415 ex
1288 394 1377 415 nunc
1407 384 1502 424 ipsos
1527 381 1672 414 heredes
1695 381 1747 412 vel
1779 389 1865 416 eum,
1890 377 1948 419 qui

117 443 359 477 contrafacerit
382 443 436 473 vel
460 452 527 473 non
551 440 794 477 observaverit,
818 440 910 471 idem
925 445 1065 470 testator
1082 437 1185 468 danat
1201 447 1288 477 pene
1312 435 1448 467 nomine
1474 436 1507 465 in
1532 440 1669 467 centum
1693 432 1788 464 libris
1811 430 1947 463 Mutine

114 507 199 540 quos
222 507 265 527 ex
291 505 382 526 nunc
405 495 441 525 in
466 504 547 525 casu
570 494 729 534 predicto
752 493 843 524 idem
876 497 1017 523 testator
1040 490 1196 532 predicte
1222 499 1280 519 sue
1315 488 1410 520 uxori
1434 488 1504 518 iure
1530 486 1631 529 legati
1657 483 1813 526 reliquid.
1859 482 1945 513 Item

75 550 92 581 5
118 548 214 581 nurui
238 558 295 579 sue
312 547 448 579 domine
467 545 627 578 Cortexie
643 545 741 576 uxori
760 543 904 576 Gerardi
920 543 979 574 filii
1003 543 1108 584 ipsius
1124 541 1295 573 testatoris
1310 539 1456 582 reliquid
1473 540 1594 570 decem
1613 537 1715 569 libras
1738 535 1871 567 Mutine
1885 543 1946 575 pro

115 602 218 634 rebus
240 600 346 642 ipsius
371 599 510 631 domine
534 598 696 631 Cortexie
721 608 787 639 que
812 597 855 628 ad
879 606 998 627 manus
1029 595 1136 636 ipsius
1167 594 1338 625 testatoris
1368 597 1597 634 pervenerunt
1621 595 1802 631 antequam
1827 586 1943 618 matri-

115 654 263 686 monium
287 652 506 685 contraheret
529 661 606 682 cum
631 651 725 682 dicto
750 650 906 681 Gerardo
931 649 1001 679 eius
1024 648 1103 679 filio.
1149 647 1233 678 Item
1258 646 1428 678 dominam
1462 643 1735 675 Bertholameam
1766 640 1869 682 ipsius
1892 645 1943 671 te-

116 707 248 739 statoris
272 705 373 736 filiam
399 711 431 735 et
454 715 593 736 uxorem
617 703 769 744 magistri
795 701 986 733 Geminiani
1010 700 1070 731 filii
1088 699 1215 731 domini
1234 698 1405 740 Nicholay
1430 697 1472 728 de
1489 696 1601 739 (fessis
1617 695 1652 726 in
1669 694 1734 725 illis
1753 697 1946 725 trecentum

115 759 211 791 libris
235 758 372 790 Mutina
396 757 458 788 sibi
482 757 646 788 heredem
670 755 829 792 instituit,
847 764 929 796 quas
945 758 1114 785 trecentas
1131 751 1233 783 libras
1251 750 1382 781 Mutine
1400 759 1461 790 pro
1487 757 1527 779 ea
1550 754 1583 778 et
1608 747 1680 778 eius
1696 745 1832 776 nomine
1856 744 1948 775 idem

56 813 93 844 10
117 817 258 845 testator
282 810 378 841 dedit
400 810 435 840 in
460 810 575 841 dotem
600 815 633 840 et
664 808 753 840 dotis
783 807 920 838 nomine
947 806 1058 837 eidem
1091 804 1228 836 domino
1260 801 1430 834 Nicholao
1462 799 1640 841 recipienti
1668 808 1731 840 pro
1757 797 1850 828 dicto
1878 806 1947 826 ma-

115 865 220 908 gistro
245 863 448 896 Geminiano
464 861 537 893 eius
561 861 631 892 filio
655 861 775 891 marito
800 859 905 901 ipsius
930 860 962 890 d.
987 857 1235 889 Bertholamee.
1283 855 1424 895 Insuper
1447 851 1593 893 reliquid
1617 849 1728 882 eidem
1751 849 1826 880 iure
1854 847 1949 879 insti-

117 916 254 949 tutionis
278 921 346 947 tres
370 914 497 946 solidos
528 913 659 945 Mutine
690 912 812 943 iubens
842 911 949 952 ipsam
983 910 1025 941 de
1056 909 1121 940 hiis
1144 918 1216 939 esse
1241 907 1381 938 tacitam
1407 911 1441 937 et
1472 909 1677 936 contentam.
1723 903 1807 933 Item
1842 899 1951 932 sorori

117 969 303 1002 Francisce
328 967 460 999 ordinis
477 967 602 998 Sancte
621 965 733 997 Marie
758 965 857 995 Nove
879 962 985 1004 Burgi
1002 960 1180 993 Baiovarie
1197 960 1264 991 filie
1280 959 1385 999 ipsius
1402 956 1570 988 testatoris
1584 953 1802 996 reliquidiure
1818 952 1949 984 institu-

115 1022 219 1054 tionis
241 1027 378 1052 centum
401 1019 528 1051 solidos
551 1018 687 1050 Mutine
711 1017 830 1048 iubens
853 1026 926 1047 eam
944 1016 988 1047 de
1005 1014 1070 1045 hiis
1087 1023 1159 1044 esse
1174 1012 1312 1044 tacitam
1331 1018 1363 1041 et
1388 1014 1592 1041 contentam.
1640 1007 1782 1047 Insuper
1801 1004 1951 1046 reliquid

55 1075 91 1106 15
117 1074 228 1106 eidem
251 1084 353 1104 uxum
377 1078 410 1103 et
435 1071 655 1102 uxufructum
679 1069 800 1101 decem
826 1068 987 1099 librarum
1004 1066 1138 1097 Mutine
1157 1065 1267 1096 donec
1285 1062 1419 1094 visserit
1434 1062 1483 1092 ita
1499 1061 1592 1103 quod
1607 1059 1633 1090 si
1651 1069 1748 1090 casus
1772 1057 1947 1089 accideret

115 1128 225 1169 ipsam
248 1135 399 1157 sororem
423 1123 641 1156 Franciscam
667 1122 816 1163 premori
840 1126 947 1151 morte
973 1118 1117 1150 naturali
1142 1124 1219 1148 ante
1243 1115 1469 1147 soluctionem
1494 1113 1663 1144 dictorum
1687 1111 1876 1153 legatorum
1907 1118 1949 1140 ex

115 1190 206 1211 nunc
229 1179 302 1220 ipse
325 1183 467 1210 testator
489 1187 571 1207 casu
594 1175 751 1216 predicto
775 1173 957 1205 eveniente
980 1173 1054 1212 ipsa
1078 1171 1189 1213 legata
1213 1175 1247 1200 et
1270 1178 1387 1200 eorum
1411 1165 1589 1208 quodlibet
1612 1164 1757 1196 cassavit
1781 1163 1814 1193 in
1839 1167 1946 1194 totum

115 1232 279 1263 mandans
302 1241 345 1262 ex
368 1240 458 1261 nunc
481 1230 556 1270 ipsa
586 1235 619 1259 et
652 1238 768 1259 eorum
801 1225 978 1268 quodlibet
1002 1224 1114 1255 nulius
1137 1232 1210 1254 esse
1233 1220 1360 1252 valoris
1382 1218 1526 1250 efficatie
1549 1217 1603 1248 vel
1632 1215 1806 1247 momenti.
1853 1214 1949 1251 Quas

115 1286 237 1318 decem
261 1283 366 1315 libras
382 1282 518 1313 Mutine
543 1280 695 1322 reliquid
719 1280 793 1320 ipse
817 1284 960 1310 testator
982 1276 1109 1317 deponi
1134 1274 1261 1306 debere
1278 1282 1384 1314 penes
1400 1281 1579 1312 personam
1596 1268 1803 1310 fidedignam
1828 1267 1882 1298 vel
1908 1276 1949 1297 ex

53 1339 94 1370 20
121 1339 169 1370 eis
191 1337 258 1369 emi
283 1336 410 1369 debere
435 1335 586 1375 aliquam
614 1343 685 1364 rem
712 1331 920 1363 immobilem
953 1329 1077 1361 valoris
1108 1334 1140 1359 et
1173 1325 1401 1358 extimationis
1433 1324 1602 1355 dictarum
1635 1321 1755 1352 decem
1788 1319 1951 1350 librarum

116 1390 247 1422 Mutine
279 1400 320 1420 ex
353 1388 450 1419 cuius
481 1397 541 1430 rey
571 1386 758 1417 uxufructu
793 1385 867 1425 ipsa
899 1392 993 1414 soror
1021 1380 1206 1413 Francisca
1240 1378 1364 1409 habeat
1400 1382 1433 1408 et
1467 1375 1595 1406 habere
1630 1373 1755 1405 debeat
1790 1371 1950 1413 quamdiu

117 1442 254 1475 visserit
277 1447 311 1473 et
334 1441 426 1483 quod
451 1440 524 1481 ipsa
548 1444 681 1470 mortua
704 1438 777 1479 ipse
811 1437 931 1468 decem
956 1434 1041 1466 libre
1066 1432 1198 1464 Mutine
1232 1441 1291 1463 seu
1316 1439 1372 1461 res
1396 1439 1437 1460 ex
1461 1428 1511 1459 eis
1535 1431 1650 1468 empta
1674 1425 1808 1466 integre
1832 1433 1954 1464 perve-

114 1496 186 1528 nire
209 1494 359 1527 debeant
383 1494 427 1525 ad
456 1493 548 1534 ipsos
579 1491 725 1522 heredes
749 1489 900 1521 eiusdem
924 1486 1097 1523 testatoris
1129 1483 1341 1516 condictioni
1374 1480 1531 1522 predicte
1562 1479 1634 1519 ipse
1659 1482 1800 1509 testator
1829 1485 1952 1516 senper

115 1559 286 1591 suponens
309 1557 381 1579 rem
405 1547 550 1578 eandem
577 1551 610 1576 et
634 1545 742 1576 dictas
766 1543 888 1574 decem
911 1540 1016 1572 libras
1033 1538 1167 1569 Mutine
1192 1537 1239 1567 ita
1262 1535 1353 1577 quod
1371 1543 1438 1564 non
1463 1531 1593 1574 possint
1617 1530 1719 1562 modo
1736 1529 1851 1570 aliquo
1868 1527 1949 1558 alie-

52 1602 92 1634 25
117 1602 191 1634 nari
206 1602 262 1633 vel
279 1599 435 1642 distringi
454 1609 513 1630 seu
529 1599 564 1629 in
582 1596 706 1638 alia[m]
725 1605 860 1627 causam
878 1592 1045 1625 converti.
1069 1591 1152 1622 Item
1170 1588 1318 1630 reliquid
1333 1587 1406 1618 iure
1420 1584 1641 1616 institutionis
1656 1582 1722 1614 filie
1739 1591 1798 1612 sue
1813 1579 1950 1612 domine

117 1655 255 1696 Philipe
278 1653 375 1685 uxori
401 1651 559 1694 Jacopini
585 1651 628 1681 de
652 1647 865 1681 Cavalarinis
896 1650 1085 1677 trecentum
1117 1642 1219 1673 libras
1252 1640 1385 1671 Mutine
1423 1648 1507 1679 quas
1539 1637 1633 1667 idem
1664 1633 1760 1666 dedit
1791 1639 1825 1665 et
1849 1632 1950 1664 solvit

115 1707 226 1740 eidem
244 1706 414 1749 Jacopino
433 1704 521 1736 dotis
544 1702 682 1735 nomine
706 1711 769 1743 pro
794 1700 866 1741 ipsa
883 1698 1020 1730 domina
1042 1695 1153 1735 Filipa
1170 1695 1241 1725 eius
1257 1692 1326 1723 filia
1349 1697 1382 1722 et
1400 1699 1505 1721 uxore
1531 1689 1615 1720 dicti
1632 1686 1792 1729 Jacopini
1809 1685 1946 1726 quando

116 1760 255 1802 nupssit.
280 1759 424 1799 Insuper
448 1756 595 1798 reliquid
623 1754 737 1786 eidem
756 1753 827 1784 iure
846 1749 1065 1783 institutionis
1088 1754 1156 1778 tres
1179 1746 1307 1777 solidos
1329 1743 1461 1775 Mutine
1489 1741 1609 1772 iubens
1639 1746 1673 1771 et
1697 1737 1813 1770 volens
1844 1738 1951 1778 ipsam

115 1814 159 1845 de
181 1811 348 1855 predictis
372 1820 446 1841 esse
469 1808 607 1840 tacitam
632 1813 666 1838 et
698 1810 904 1837 contentam.
951 1803 1036 1834 Item
1068 1800 1137 1831 filio
1162 1808 1222 1830 suo
1247 1797 1404 1830 Gerardo
1435 1793 1628 1836 prelegavit
1652 1797 1686 1823 et
1716 1796 1796 1822 ante
1821 1795 1950 1831 partem

52 1866 93 1898 30
116 1865 266 1908 reliquid
288 1868 486 1896 sexcentum
512 1861 616 1892 libras
640 1858 775 1890 Mutine
799 1856 842 1888 de
867 1855 966 1888 bonis
988 1854 1093 1896 ipsius
1119 1851 1297 1883 testatoris.
1345 1850 1428 1881 Item
1459 1847 1527 1878 filio
1560 1856 1620 1877 suo
1644 1844 1765 1876 Ylario
1797 1842 1953 1884 prelega-

117 1919 165 1950 vit
189 1924 224 1951 et
248 1924 325 1950 ante
350 1922 480 1958 partem
506 1913 657 1955 reliquid
680 1912 722 1943 de
748 1911 847 1942 bonis
870 1909 977 1950 ipsius
1000 1905 1174 1939 testatoris
1198 1909 1397 1934 sexcentum
1431 1899 1534 1931 libras
1564 1897 1697 1929 Mutine
1729 1902 1764 1928 et
1786 1896 1852 1927 hoc
1885 1905 1953 1926 non

117 1972 278 2015 ingnarus
300 1970 373 2011 ipse
399 1973 540 2001 testator
571 1975 673 1998 cause
704 1963 936 2005 dispositionis
966 1957 1172 1991 huiusmodi.
1222 1956 1306 1987 Item
1339 1953 1486 1994 reliquid
1514 1950 1672 1992 predicto
1697 1947 1852 1980 Gerardo
1884 1948 1956 1978 eius

118 2024 186 2056 filio
210 2023 424 2065 septuaginta
447 2019 552 2051 libras
576 2018 711 2050 Mutine
735 2018 778 2048 de
802 2015 899 2047 bonis
923 2014 1029 2055 ipsius
1052 2009 1226 2042 testatoris
1249 2017 1312 2049 pro
1337 2004 1630 2047 compenssatione
1655 2002 1789 2032 illarum
1821 2006 1956 2041 septua-

119 2077 214 2121 ginta
237 2076 399 2108 librarum
425 2072 559 2104 Mutine
585 2082 668 2114 quas
692 2070 766 2111 ipse
791 2074 932 2100 testator
956 2064 1057 2097 solvit
1081 2060 1265 2094 conventui
1290 2069 1441 2090 sororum
1466 2056 1638 2087 Minorum
1663 2054 1706 2085 de
1723 2053 1832 2095 burgo
1856 2050 1956 2083 Baio-

55 2129 96 2161 35
121 2129 213 2161 varie
237 2127 381 2160 civitatis
404 2125 537 2157 Mutine
561 2133 624 2165 pro
649 2122 787 2154 domina
809 2117 1056 2151 Thodeschina
1081 2115 1152 2147 filia
1176 2115 1208 2146 d.
1233 2111 1337 2144 Richi
1364 2111 1422 2141 filii
1448 2109 1601 2140 eiusdem
1624 2105 1796 2138 testatoris
1819 2104 1957 2146 quando

120 2182 192 2224 ipsa
210 2180 348 2213 domina
364 2177 587 2210 Todeschina
603 2176 636 2206 in
655 2175 782 2207 dictum
807 2177 1051 2207 monasterium
1068 2167 1215 2200 intravit.
1254 2166 1340 2196 Item
1358 2163 1515 2204 predicto
1533 2160 1653 2191 Ylario
1670 2159 1744 2190 eius
1760 2158 1830 2189 filio
1847 2157 1957 2198 prele-

121 2235 213 2277 gavit
237 2239 271 2265 et
294 2232 444 2274 reliquid
462 2231 504 2262 de
521 2229 620 2261 bonis
641 2227 747 2269 ipsius
763 2224 932 2257 testatoris
948 2222 1164 2264 septuaginta
1179 2218 1282 2250 libras
1298 2216 1431 2248 Mutine
1448 2225 1510 2255 pro
1529 2211 1806 2253 compensatione
1823 2209 1956 2240 illamm

122 2287 339 2329 septuaginta
362 2284 527 2316 librarum
550 2281 684 2313 Mutine
709 2289 791 2322 quas
814 2278 887 2319 ipse
912 2281 1051 2307 testator
1076 2273 1177 2304 solvit
1201 2271 1294 2302 dicto
1320 2267 1504 2300 conventui
1527 2275 1679 2296 sororum
1704 2263 1870 2294 minorum
1893 2271 1956 2302 pro

123 2341 218 2372 dicta
241 2339 274 2370 d.
298 2336 519 2370 Todeschina
543 2334 611 2365 filia
636 2333 718 2364 dicti
744 2332 777 2362 d.
802 2330 907 2361 Richi
931 2327 1069 2370 quando
1094 2326 1169 2367 ipsa
1193 2323 1330 2355 domina
1353 2318 1574 2351 Todeschina
1597 2315 1737 2347 intravit
1768 2315 1803 2345 in
1829 2313 1956 2346 dictum

59 2395 100 2426 40
124 2391 376 2424 monasterium.
424 2389 510 2420 Item
533 2386 692 2429 predicto
718 2385 750 2415 d.
776 2383 891 2414 Richo
916 2381 985 2411 filio
1009 2389 1068 2411 suo
1093 2378 1206 2419 legum
1231 2373 1363 2407 doctori
1386 2370 1578 2413 prelegavit
1601 2375 1634 2400 et
1658 2374 1734 2399 ante
1759 2373 1890 2408 partem
1905 2376 1958 2396 re

125 2445 232 2487 liquid
256 2453 373 2476 omnes
397 2441 502 2473 libros
518 2449 604 2482 quos
628 2438 702 2479 ipse
727 2438 761 2468 d.
786 2435 919 2467 Richus
935 2433 1087 2474 possidet
1111 2429 1231 2461 tamin
1255 2428 1328 2458 iure
1354 2424 1445 2457 civili
1471 2433 1571 2464 quam
1597 2420 1764 2452 canonico
1790 2424 1823 2450 et
1839 2418 1957 2450 divino

126 2509 166 2530 ac
189 2497 335 2529 morales
359 2501 393 2527 et
415 2491 659 2536 phylosofficos
691 2496 724 2521 et
748 2495 970 2530 quoscunque
994 2484 1080 2515 alios
1112 2479 1354 2524 quoquomodo
1387 2483 1420 2508 et
1451 2475 1587 2506 nomine
1620 2477 1826 2504 cesseantur.
1872 2471 1958 2502 Item

125 2550 195 2582 filio
212 2559 272 2581 suo
290 2546 447 2580 Gerardo
464 2543 653 2587 prelegavit
669 2541 729 2582 [et]
746 2546 824 2572 ante
842 2545 972 2580 partem
998 2535 1144 2577 reliquid
1168 2543 1283 2565 omnes
1307 2531 1410 2562 libros
1433 2537 1510 2559 suos
1533 2525 1695 2557 videlicet
1719 2523 1859 2555 Sextum
1883 2522 1962 2554 Cle-

126 2603 292 2634 mentinas
317 2598 503 2642 Speculum
532 2595 731 2627 Decretales
765 2598 799 2624 et
829 2600 946 2622 omnes
979 2589 1061 2620 alios
1092 2587 1194 2618 libros
1218 2592 1356 2627 quoquo
1373 2580 1474 2611 modo
1499 2585 1532 2609 et
1557 2577 1693 2608 nomine
1709 2580 1958 2616 nuncupantur.

63 2655 102 2687 45
127 2656 212 2687 Item
238 2654 305 2685 filio
329 2662 389 2684 suo
407 2650 527 2682 Ylario
544 2646 734 2690 prelegavit
751 2651 785 2676 et
801 2650 879 2675 ante
896 2648 1028 2684 partem
1043 2639 1190 2681 reliquid
1207 2646 1324 2668 omnes
1339 2634 1447 2665 libros
1462 2631 1568 2672 ipsius
1591 2628 1764 2660 testatoris
1787 2637 1871 2669 quos
1888 2626 1959 2668 ipse

128 2713 271 2740 testator
294 2705 358 2737 sibi
383 2703 548 2746 aquixivit
570 2701 625 2732 vel
650 2698 802 2741 possidet
826 2695 993 2728 videlicet
1015 2694 1152 2726 Sumam
1177 2689 1308 2721 notarie
1332 2686 1435 2728 ipsius
1452 2681 1618 2715 testatoris
1635 2691 1700 2722 que
1725 2680 1789 2710 fuit
1814 2679 1959 2711 condam

128 2761 235 2803 patris
252 2760 326 2790 eius
342 2758 506 2801 glosatam
523 2754 659 2786 Aurora
675 2752 783 2783 veteri
800 2748 988 2781 Rolandini
1003 2753 1035 2778 et
1050 2744 1158 2777 Floris
1174 2752 1276 2783 super
1292 2738 1418 2771 ultimis
1433 2733 1686 2776 volunptatibus
1698 2739 1731 2764 et
1744 2742 1846 2762 unum
1860 2731 1962 2762 alium

131 2814 253 2846 librum
278 2821 432 2855 grossum
455 2810 491 2840 in
515 2807 620 2839 cartis
643 2803 838 2845 bunbicinis
862 2811 924 2843 pro
949 2805 1046 2841 parte
1077 2799 1111 2828 in
1139 2795 1261 2838 quibus
1284 2792 1412 2831 scripta
1443 2794 1494 2820 est
1524 2786 1659 2818 Aurora
1690 2795 1779 2815 nova
1809 2783 1961 2825 magistri

130 2866 222 2898 Petri
247 2866 291 2897 de
316 2862 485 2896 Boateriis
509 2866 543 2892 et
566 2860 664 2900 plura
688 2857 754 2889 alia
778 2855 946 2898 spetantia
970 2853 1014 2883 ad
1039 2857 1145 2881 artem
1170 2845 1299 2879 notarie
1317 2850 1352 2874 et
1379 2843 1413 2873 in
1431 2840 1534 2872 cartis
1557 2837 1763 2869 membranis
1780 2837 1813 2866 in
1839 2836 1961 2877 quibus

68 2920 108 2951 50
132 2920 278 2960 scriptus
303 2922 353 2948 est
381 2915 551 2956 Aparatus
576 2911 686 2943 editus
702 2919 762 2951 per
780 2910 888 2950 ipsum
913 2905 1107 2947 magistrum
1126 2902 1260 2932 Petrum
1280 2906 1383 2938 super
1400 2893 1535 2925 iudiciis
1551 2898 1584 2922 et
1601 2890 1701 2921 etiam
1718 2890 1753 2920 in
1770 2888 1846 2920 aliis
1863 2888 1962 2919 cartis
