2423 3561
404 234 577 269 XXXVI
1119 236 1518 272 lNTRODUZIONE

403 364 543 395 fratrum
570 366 856 398 heremitauorum
882 368 924 399 de
951 368 1084 400 Mutina
1100 379 1162 409 per
1178 368 1269 409 ipsos
1286 367 1432 399 heredes
1448 367 1680 408 opperandam
1699 366 1824 399 ibidem
1843 368 1887 399 ad
1903 378 1998 398 usum
2016 374 2049 400 et
2066 377 2151 408 opus
2168 367 2238 397 fra-

403 420 490 445 trum
515 416 698 448 forensium
727 424 759 448 et
783 418 831 449 ibi
856 419 1141 450 manutenendam
1165 424 1198 449 et
1223 418 1491 449 conservandam
1517 417 1561 448 ad
1585 427 1693 458 oppus
1725 424 1758 448 et
1789 428 1923 449 causam
1957 418 2079 459 quibus
2111 417 2239 459 legavit

402 464 529 496 dictum
552 466 677 497 lectum
702 468 859 508 predicto
885 468 1066 500 conventui
1090 469 1232 499 fratrum
1258 469 1424 499 minorum
1449 468 1492 498 de
1509 467 1642 498 Mutina
1667 467 1944 500 condictionibus
1962 474 1995 499 et
2019 467 2178 509 pactibus
2201 467 2234 498 in

404 514 497 546 dicto
522 516 634 558 legato
660 519 838 550 contentis.
885 519 968 550 Item
994 519 1140 560 reliquid
1164 524 1310 560 quatuor
1333 517 1437 549 libras
1460 517 1596 549 Mutine
1612 528 1673 558 pro
1690 518 1835 549 emendo
1851 528 1953 548 unam
1979 518 2165 559 culcidram
2181 527 2239 548 seu

400 565 507 605 ipsam
532 567 717 599 culciclram
744 569 894 601 eiusdem
919 570 1027 612 precij
1046 576 1078 600 et
1095 569 1216 601 valoris
1235 569 1450 600 offerendam
1469 568 1691 609 omnipotendi
1709 568 1775 600 deo
1792 579 1853 610 per
1869 569 1979 600 dictos
2002 579 2078 600 suos
2094 568 2254 600 heredes.
2287 566 2305 597 5

403 621 435 646 et
459 620 642 649 conventui
667 619 809 651 fratrum
836 620 1094 651 carmelatorum
1120 620 1162 651 de
1179 619 1311 650 Mutina
1336 619 1605 650 conservandam
1632 624 1666 650 et
1689 619 1974 650 manutenendam
1998 618 2127 650 ibidem
2144 624 2180 649 ut
2203 618 2238 649 in

402 666 495 697 dicto
519 668 634 709 legato
659 670 827 701 dictorum
852 671 995 702 fratrum
1019 671 1186 701 minorum
1211 670 1364 710 plenarie
1384 669 1589 700 continetur.
1636 669 1721 700 Item
1739 668 1885 710 reliquid
1903 668 2068 700 laborerio
2093 667 2239 700 ecclesie

401 719 508 750 sancti
533 719 702 753 Bernabei
727 723 769 755 de
794 723 927 754 Mutina
952 723 1072 755 decern
1097 722 1226 754 solidos
1251 722 1385 753 Mutine
1410 731 1472 763 pro
1496 721 1606 752 anima
1630 732 1690 752 sua
1713 727 1748 752 et
1769 722 1805 752 in
1836 721 2017 753 remisione
2040 727 2240 762 pecatorum

402 778 548 801 suorum.
594 771 678 803 Item
704 773 850 815 reliquid
875 773 1013 805 cuilibet
1039 773 1220 804 conventui
1245 773 1388 804 fratrum
1406 772 1572 803 minorum
1589 771 1843 813 predicatorum
1860 772 2100 803 heremitarum
2117 777 2151 802 et
2167 780 2241 801 car-

402 818 602 852 melatorum
627 816 773 855 civitatis
797 824 929 855 Mutine
955 825 1075 856 decem
1100 823 1226 855 solidos
1250 823 1384 854 Mutine
1409 833 1471 863 pro
1495 822 1605 854 missis
1623 822 1802 854 cantandis
1819 832 1882 863 pro
1906 821 2018 853 anima
2041 833 2100 853 sua
2124 828 2157 852 et
2182 821 2240 853 de-
2269 821 2306 851 10

402 875 496 900 votas
520 882 640 912 preces
664 883 726 914 per
749 875 958 915 presbiteros
984 875 1107 905 fratres
1139 874 1307 905 dictorum
1331 873 1483 905 locorum
1516 879 1551 904 ut
1582 872 1726 915 quilibet
1759 883 1874 904 eorum
1906 873 1985 904 dum
2017 871 2241 904 celebrabunt

402 919 491 959 ipsas
515 921 614 953 misas
638 929 674 955 ut
696 930 734 956 ut
749 925 783 956 in
808 935 905 956 sacro
931 925 1050 956 altario
1074 925 1211 955 Yhesus
1235 923 1361 956 Christi
1393 923 1541 955 animam
1566 923 1669 964 ipsius
1694 923 1864 955 testatoris
1888 923 2086 954 devotisime
2111 932 2243 954 recom-

402 971 541 1002 mendat
564 974 655 1014 apud
679 986 780 1016 quam
805 976 984 1007 ecclesiam
1010 976 1177 1007 dictorum
1202 975 1345 1006 fratrum
1370 975 1543 1006 Minorum
1561 974 1633 1015 ipse
1657 979 1800 1005 testator
1817 973 1878 1005 sibi
1903 973 2006 1015 elegit
2023 973 2242 1014 sepulturam.

404 1020 487 1051 Item
519 1022 665 1065 reliquid
696 1026 836 1057 cuilibet
867 1026 1055 1067 presbitero
1086 1025 1307 1057 ecclesiarum
1338 1024 1624 1056 heremitanorum
1657 1024 1804 1056 civitatis
1828 1023 1958 1055 Mutine
1990 1030 2022 1055 et
2058 1023 2240 1065 burgorum

402 1072 521 1102 eadem
547 1073 589 1104 de
615 1085 716 1106 causa
741 1088 843 1107 unum
868 1077 1014 1109 solidum
1040 1077 1183 1108 Mutine.
1230 1076 1313 1107 Item
1337 1075 1484 1116 reliquid
1509 1074 1648 1106 cuilibet
1672 1074 1831 1116 hospitali
1856 1080 1891 1105 et
1915 1073 2130 1105 heremitorio
2159 1073 2242 1105 civi·
2270 1073 2306 1103 ln'

402 1122 477 1153 tatis
494 1123 626 1155 Mutine
653 1132 686 1157 et
710 1127 894 1169 burgorum
919 1138 981 1168 pro
1006 1127 1117 1158 anima
1140 1137 1200 1157 sua
1223 1126 1379 1167 predicta
1403 1127 1446 1158 de
1471 1136 1572 1156 causa
1596 1136 1699 1156 unum
1723 1125 1870 1156 solidum
1895 1125 2038 1156 Mutine.
2086 1125 2170 1155 Item
2187 1134 2241 1154 re-

403 1171 510 1213 liquid
535 1174 652 1207 disco¹
679 1187 867 1218 pauperum
891 1178 1201 1210 verecondosorum
1234 1177 1276 1208 de
1308 1177 1443 1208 Mutina
1474 1176 1701 1218 quadraginta
1725 1175 1852 1207 solidos
1876 1173 2010 1207 Mutine
2040 1184 2102 1216 pro
2131 1175 2244 1205 anima

402 1234 461 1253 sua
484 1226 641 1264 predicta
666 1226 709 1259 de
735 1239 846 1260 causa.
894 1229 980 1260 Item
997 1228 1142 1270 reliquid
1160 1227 1323 1269 hospitali
1341 1227 1461 1259 domus
1485 1226 1541 1258 dei
1566 1227 1608 1258 de
1627 1226 1760 1258 Mutina
1777 1225 2006 1268 quadraginta
2022 1225 2148 1257 solidos
2165 1223 2244 1255 Mu-

401 1273 470 1304 tine
495 1285 556 1315 pro
582 1277 694 1309 anima
717 1289 777 1310 sua
801 1280 959 1319 predicta
984 1280 1026 1310 de
1052 1289 1164 1310 causa.
1212 1279 1295 1310 Item
1319 1278 1468 1318 reliquid
1491 1277 1665 1309 laborerio
1694 1276 1842 1308 ecclesie
1876 1276 1984 1308 sancti
2016 1274 2244 1307 Bertholamei

403 1324 445 1354 de
478 1325 672 1369 Formigine
697 1329 847 1371 quinque
872 1330 1000 1361 solidos
1017 1328 1150 1361 Mutine
1175 1339 1236 1370 pro
1262 1329 1372 1360 anima
1396 1339 1455 1359 sua
1479 1328 1636 1369 predicta
1659 1326 1703 1359 de
1729 1336 1840 1358 causa.
1887 1326 1971 1358 Item
1995 1326 2142 1368 reliquid
2166 1335 2244 1368 pre·
2269 1327 2310 1356 2⁰

402 1374 529 1407 sbitero
553 1377 659 1418 ipsius
683 1380 829 1411 ecclesie
856 1386 923 1412 tres
945 1380 1074 1412 solidos
1098 1380 1230 1411 Mutine
1254 1389 1318 1420 pro
1346 1378 1456 1410 missis
1489 1378 1666 1410 cantandis
1699 1388 1761 1419 pro
1793 1377 1904 1409 anima
1936 1388 1995 1408 sua
2026 1383 2061 1408 et
2088 1376 2245 1418 predicta

402 1424 444 1455 de
469 1436 582 1459 causa.
628 1429 713 1461 Item
738 1431 886 1472 reliquid
912 1432 1033 1462 decern
1057 1431 1184 1462 solidos
1208 1430 1342 1461 Mutine
1366 1429 1474 1461 sorori
1499 1428 1592 1460 Nide
1618 1428 1747 1460 ordinis
1770 1433 1887 1460 sancte
1910 1427 2011 1460 Clare
2044 1427 2086 1459 de
2110 1427 2245 1458 Mutina

403 1485 465 1515 pro
488 1477 598 1518 ipsius
615 1479 727 1511 anima
743 1481 902 1521 predicta
920 1482 962 1512 de
980 1491 1081 1512 causa
1106 1480 1356 1512 convertendos
1381 1480 1416 1510 in
1433 1479 1540 1520 ipsius
1556 1479 1734 1510 utilitatem
1759 1484 1794 1510 et
1810 1478 1876 1510 hoc
1901 1477 1929 1509 si
1953 1478 2027 1520 ipsa
2044 1487 2138 1509 soror
2154 1477 2246 1508 Nida

403 1531 485 1557 tunc
501 1529 735 1569 superviveret
752 1537 786 1563 et
802 1532 828 1563 si
845 1542 913 1563 non
930 1532 1164 1573 superviveret
1180 1541 1222 1562 ex
1238 1541 1329 1562 nunc
1353 1536 1447 1561 casat
1464 1536 1497 1561 et
1513 1529 1608 1561 iritat
1624 1529 1753 1561 dictum
1778 1530 1928 1571 legatum
1945 1528 1980 1559 in
1997 1533 2114 1559 totum.
2161 1528 2246 1559 Item

402 1577 548 1619 reliquid
566 1580 685 1613 decem
702 1581 830 1614 solidos
854 1583 986 1614 Mutine
1012 1582 1118 1614 sorori
1143 1581 1333 1624 Margarite
1358 1582 1401 1612 de
1419 1579 1705 1622 Monbaroncono
1724 1579 1851 1612 ordinis
1875 1584 1992 1611 sancte
2013 1578 2178 1610 Katarine
2203 1578 2246 1610 de
2270 1577 2310 1610 25

404 1626 513 1671 burgo
545 1629 718 1663 baioarie²
746 1643 807 1674 pro
840 1634 953 1665 anima
984 1643 1044 1664 sua
1076 1639 1110 1664 et
1141 1632 1298 1674 predicta
1330 1633 1373 1664 de
1398 1642 1499 1663 causa
1524 1631 1775 1663 convertendos
1807 1630 1839 1661 in
1865 1630 1967 1671 ipsius
1998 1629 2180 1662 utilitatem
2212 1634 2247 1661 et

404 1677 469 1709 hoc
494 1680 521 1710 si
546 1680 639 1713 dicta
662 1692 759 1714 soror
782 1683 965 1725 Malgarita
990 1689 1072 1715 tunc
1096 1683 1331 1724 superviveret
1349 1688 1382 1713 et
1406 1682 1433 1713 si
1450 1692 1519 1713 non
1543 1681 1780 1723 superviveret
1801 1692 1844 1712 ex
1868 1690 1959 1712 nunc
1984 1686 2077 1712 casat
2093 1685 2129 1711 et
2151 1679 2245 1711 iritat

405 1728 533 1760 dictum
559 1731 704 1774 legatum
737 1734 769 1764 in
795 1739 913 1766 totum.
960 1734 1043 1765 Item
1076 1733 1222 1775 reliquid
1247 1733 1342 1774 nepti
1367 1743 1425 1765 sue
1449 1732 1556 1764 sorori
1572 1730 1755 1763 Todesche
1772 1731 1839 1763 filie
1865 1730 1921 1773 filij
1938 1732 1990 1762 sui
2007 1731 2038 1762 d.
2063 1730 2169 1762 Richi
2192 1740 2247 1762 so-

403 1780 472 1810 rori
496 1781 581 1812 dicti
598 1783 727 1815 ordinis
750 1790 870 1815 sancte
894 1785 995 1816 Clare
1013 1791 1081 1816 tres
1099 1784 1199 1815 libras
1216 1783 1350 1815 Mutine
1373 1793 1435 1824 pro
1460 1783 1573 1813 anima
1596 1793 1656 1814 sua
1680 1788 1714 1813 et
1737 1781 1897 1823 predicta
1922 1782 1965 1814 de
1983 1791 2087 1812 causa
2103 1791 2247 1812 conver-

406 1831 528 1862 tendas
540 1832 575 1863 in
587 1833 692 1874 ipsius
703 1835 884 1867 utilitatem
903 1841 936 1866 et
948 1836 1015 1867 hoc
1028 1835 1055 1866 si
1068 1835 1142 1876 ipsa
1159 1845 1253 1866 soror
1270 1834 1456 1865 Todescha
1469 1840 1551 1865 tunc
1565 1832 1826 1874 superviv[er]et
1844 1838 1877 1863 et
1893 1832 1921 1863 si
1934 1842 2002 1864 non
2015 1832 2249 1873 superviveret
2272 1831 2314 1862 30

406 1891 447 1910 ex
475 1892 564 1913 nunc
590 1890 699 1916 cassat
723 1891 757 1917 et
781 1885 893 1917 irritat
922 1885 1049 1918 dictum
1074 1885 1223 1927 legatum
1246 1885 1280 1915 in
1305 1890 1420 1917 totum.
1467 1884 1552 1915 Item
1577 1882 1724 1924 reliquid
1749 1882 1933 1914 conventui
1957 1881 2102 1914 ecclesie
2127 1887 2245 1913 sancte

406 1931 515 1963 Marie
540 1944 627 1965 nove
652 1935 695 1966 de
719 1935 875 1978 suburgis
898 1936 1032 1968 Mutine
1065 1936 1185 1968 decem
1217 1935 1345 1967 solidos
1368 1934 1501 1966 Mutine
1526 1944 1588 1976 pro
1615 1934 1727 1964 anima
1751 1944 1820 1964 sua.
1868 1933 1954 1964 Item
1977 1932 2126 1974 reliquid
2148 1932 2244 1963 labo-

406 1983 494 2014 rerio
526 1985 671 2016 ecclesie
702 1993 818 2018 sancte
853 1985 961 2018 Marie
994 1987 1037 2018 de
1071 1987 1219 2018 carmelo
1252 1986 1294 2017 de
1327 1985 1461 2017 Mutina
1493 1986 1615 2016 decem
1647 1984 1775 2016 solidos
1798 1983 1930 2015 Mutine
1955 1993 2017 2025 pro
2043 1982 2154 2014 anima
2177 1993 2247 2013 sua.

406 2032 490 2064 Item
526 2035 673 2077 reliquid
708 2037 905 2078 presbiteris
941 2038 1165 2069 ecelesiarum
1201 2043 1394 2068 sanctorum
1431 2036 1547 2067 Iacobi
1582 2041 1617 2067 et
1652 2033 1822 2066 Bernabei
1860 2035 1902 2066 de
1926 2034 2063 2066 Mutina
2086 2033 2248 2065 videlicet

410 2083 550 2116 cuilibet
572 2086 722 2127 ipsorum
747 2089 895 2130 quinque
920 2089 1048 2119 solidos
1071 2088 1202 2119 Mutine
1227 2098 1289 2129 pro
1313 2087 1404 2118 misis
1429 2086 1608 2118 cantandis
1639 2096 1701 2127 pro
1734 2086 1846 2116 anima
1869 2095 1938 2116 sua.
1984 2085 2070 2116 Item
2098 2083 2246 2125 reliquid
2270 2082 2312 2115 35

408 2134 472 2175 ipsi
495 2136 687 2177 presbitero
712 2139 804 2170 dicte
829 2139 974 2170 ecclesie
999 2139 1107 2171 sancti
1131 2138 1300 2169 Bernabei
1326 2148 1387 2179 pro
1411 2136 1745 2169 recommendatione
1771 2136 1882 2168 anime
1900 2135 2002 2177 ipsius
2026 2134 2197 2166 testatoris
2213 2140 2247 2165 et

408 2186 572 2217 ocaxione
596 2187 721 2219 laboris
745 2189 847 2220 fiendi
872 2195 906 2221 et
931 2189 1095 2229 operandi
1127 2200 1188 2229 per
1220 2199 1296 2219 eum
1328 2188 1420 2220 circa
1450 2189 1515 2219 hoc
1548 2188 1668 2219 decem
1699 2186 1829 2218 solidos
1861 2187 2003 2218 Mutine.
2050 2186 2134 2216 Item
2166 2185 2246 2216 reli-

409 2235 490 2276 quid
514 2242 581 2268 tres
604 2237 706 2269 libras
730 2250 788 2270 sex
811 2239 940 2271 solidos
965 2246 998 2271 et
1016 2245 1092 2270 octo
1117 2238 1273 2271 denarios
1289 2239 1422 2269 Mutine
1440 2247 1500 2279 pro
1519 2236 1697 2269 ducentis³
1722 2236 1829 2268 missis
1847 2235 2024 2268 cantandis
2047 2245 2109 2277 pro
2134 2235 2245 2267 anima

409 2296 468 2316 sua
499 2287 628 2319 dandas
660 2295 693 2319 et
715 2290 897 2321 solvendas
932 2300 994 2331 pro
1019 2289 1128 2321 anima
1163 2289 1246 2320 sua⁴
1277 2298 1340 2331 per
1363 2288 1476 2320 dictos
1506 2298 1584 2319 suos
1615 2287 1760 2318 heredes
1790 2287 1856 2318 illis
1887 2285 2084 2328 presbiteris
2121 2285 2243 2328 quibus

410 2338 458 2368 eis
482 2338 590 2379 magis
612 2339 786 2370 videbitur
810 2341 995 2372 convenire
1021 2350 1082 2381 pro
1106 2340 1214 2371 salute
1239 2340 1350 2370 anime
1379 2350 1446 2370 sue.
1494 2339 1578 2370 Item
1610 2337 1758 2380 reliquid
1790 2343 1858 2369 tres
1886 2337 1988 2369 libras
2012 2335 2147 2368 Mutine
2179 2335 2246 2367 sol-
2271 2337 2311 2367 40

410 2388 539 2419 vendas
563 2394 597 2420 et
625 2390 876 2421 distribuendas
906 2391 994 2421 inter
1025 2400 1192 2432 pauperes
1219 2390 1478 2421 verecondoxos
1510 2399 1577 2421 non
1608 2388 1804 2419 simulantes
1834 2388 2005 2419 miseriam
2035 2397 2100 2428 pro
2132 2386 2246 2418 anima

409 2449 468 2469 sua
494 2439 668 2481 eligendos
691 2451 752 2481 per
768 2441 1005 2482 infrascriptos
1028 2450 1105 2472 suos
1128 2440 1273 2471 heredes
1298 2440 1415 2471 volens
1441 2446 1474 2472 et
1498 2439 1664 2471 mandans
1688 2439 1780 2480 quod
1812 2438 1837 2469 si
1870 2438 2025 2479 predicte
2057 2437 2244 2478 sessaginta

408 2488 495 2520 libre
517 2489 650 2521 Mutine
674 2501 742 2522 non
766 2491 960 2523 sufficerent
984 2491 1028 2523 ad
1052 2491 1219 2532 integram
1237 2490 1503 2522 satisfactionem
1522 2490 1671 2521 omnium
1688 2489 1921 2530 predictorum
1946 2488 2136 2530 legatorum
2153 2487 2245 2529 quod

408 2550 469 2580 per
494 2540 639 2571 heredes
664 2551 740 2571 suos
764 2541 1002 2573 nichilominus
1026 2542 1100 2582 ipsa
1124 2540 1236 2582 legata
1261 2540 1472 2582 integraliter
1496 2539 1733 2581 persolvantur
1756 2549 1862 2581 usque
1887 2539 1932 2570 ad
1963 2538 2130 2580 integram
2155 2537 2245 2569 solu-

410 2591 536 2621 tionem
560 2596 593 2621 et
616 2591 885 2623 satisfactionem
911 2592 1061 2632 ipsorum
1087 2591 1236 2623 omnium
1261 2591 1494 2632 predictorum
1527 2590 1713 2633 legatorum
1747 2590 1827 2622 licet
1855 2590 1928 2630 ipse
1953 2588 2126 2630 sexaginta
2158 2588 2244 2620 libre
2269 2588 2308 2620 45

409 2640 544 2671 Mutine
569 2650 635 2671 11011
652 2641 845 2673 sufficerent
861 2643 905 2673 ad
922 2643 1072 2683 ipsorum
1098 2642 1248 2673 omnium
1273 2641 1462 2683 legatorum
1486 2642 1653 2683 integram
1671 2640 1941 2672 satisfactionem
1958 2645 1992 2670 et
2009 2638 2242 2670 soluctionem.

412 2690 489 2727 Que
515 2690 627 2732 legata
651 2691 762 2722 omnia
787 2698 820 2723 et
843 2692 976 2733 singula
999 2692 1232 2733 suprascripta
1256 2691 1364 2723 voluit
1393 2697 1427 2723 et
1451 2691 1625 2723 mandavit
1650 2701 1690 2722 ac
1714 2690 1861 2732 reliquid
1885 2690 1956 2731 ipse
1984 2695 2126 2721 testator
2157 2688 2241 2721 solvi

412 2740 537 2772 debere
570 2741 696 2773 deinde
729 2743 772 2773 ad
795 2753 897 2773 unum
930 2753 1080 2774 mensem
1105 2753 1124 2773 a
1155 2747 1262 2773 morte
1293 2742 1399 2783 ipsius
1430 2742 1602 2773 testatoris
1626 2739 1931 2773 connumeranda⁵
1962 2750 2026 2781 per
2048 2740 2138 2780 ipsos
2166 2749 2244 2771 suos

411 2790 574 2827 heredes:
599 2792 626 2823 si
650 2798 762 2823 autem
786 2793 852 2834 ipsi
877 2793 1024 2824 heredes
1047 2793 1136 2834 ipsas
1160 2792 1366 2824 soluctiones
1391 2792 1574 2824 dilatarent
1598 2792 1715 2824 facere
1740 2792 1784 2823 de
1810 2792 1929 2833 legatis
1953 2790 2118 2831 predictis
2141 2790 2244 2822 modo

501 2889 507 2905 ¹
530 2881 550 2914 1¹3
573 2892 672 2913 scritto
693 2891 799 2913 discum.
1447 2891 1456 2907 ⁴
1478 2889 1580 2917 Questa¹
1595 2895 1636 2913 tre
1656 2891 1750 2922 parole
1771 2897 1841 2913 sono
1862 2889 2024 2914 (ancellatc.

501 2932 510 2946 2’
534 2931 636 2959 Queste
656 2933 708 2955 due
729 2933 824 2963 parole
845 2940 914 2956 sono
936 2933 1096 2956 cancellato.
1448 2931 1458 2946 ⁵
1480 2922 1499 2956 1⁸3
1520 2934 1618 2956 scritto
1640 2933 1860 2956 sommiuuramla.

502 2972 512 2989 ³
536 2965 556 2998 1³3
579 2976 679 2998 scritto
699 2976 828 2999 ducendis.
