2423 3561
543 313 716 350 Accanto
742 329 763 351 a
792 320 908 364 questi
937 323 1075 368 esempi
1104 323 1140 358 di
1169 326 1323 362 assoluta
1350 327 1504 364 identita
1531 331 1702 368 abbiamo
1729 347 1797 381 per
1824 337 1916 373 altro
1953 342 2052 379 neno
2087 349 2202 382 stesso
2238 360 2295 384 se-

456 383 588 413 mestre
617 379 675 415 del
710 383 807 418 1330
835 387 1034 422 narrazioni
1064 389 1123 424 del
1152 391 1318 427 Bazzano
1347 394 1412 428 che
1441 407 1621 432 maneano
1640 399 1674 434 al
1694 401 1853 438 Morano
1873 403 2041 452 (colletta
2057 409 2093 444 in
2111 403 2292 460 Modena,
2336 430 2338 441 v

455 455 561 488 presa
590 445 625 480 di
653 436 821 494 Zappino
850 450 946 487 delia
975 454 1196 500 Mirandola‚
1226 459 1394 495 seonfitta
1426 460 1461 495 di
1500 462 1668 512 Sorbara,

456 508 582 557 mona)
612 522 632 545 e
659 512 748 548 altre
778 515 844 550 che
874 528 939 562 pur
967 521 1122 555 essendo
1151 525 1298 558 comuni
1327 526 1360 559 ai
1389 525 1461 561 due
1490 531 1638 566 cronisti
1667 544 1759 568 sono
1786 534 1874 571 fatte
1904 549 1975 573 con
2002 542 2129 586 parole
2149 544 2293 582 diverse

454 573 650 620 (Rolando
677 590 854 626 vesc0v0‚
884 584 1108 621 trebbiatura
1136 600 1202 633 per
1230 589 1263 624 le
1292 589 1381 639 vie).

540 643 602 678 Un
630 644 782 691 viluppo
811 650 982 685 notevole
1012 653 1045 687 ci
1074 661 1291 698 presentano
1319 657 1415 693 nelle
1445 658 1514 695 due
1543 664 1726 699 cronache
1755 667 1789 702 le
1809 671 2010 706 narrazioni
2032 673 2128 721 degli
2147 680 2297 714 avveni-

454 708 565 743 menti
594 710 689 745 cirea
718 712 901 750 Giovanni
929 728 968 751 re
998 718 1034 752 di
1062 719 1215 755 Boemia
1244 722 1303 757 del
1339 724 1424 759 1331
1447 737 1457 770 3

796 843 969 879 ΒΑΖΖΑΝο
983 859 990 878 :

534 916 613 941 Tunc
633 918 693 943 Rex
706 921 843 951 Boemiae,
857 925 900 947 cui
917 926 1049 950 traditum
1066 927 1120 952 fuit
1130 929 1286 954 dominium
1302 933 1340 954 ci-

449 964 547 989 vitatis
566 966 686 996 Brixiae,
708 970 752 993 dic
772 971 873 995 ultimo
893 973 1044 999 decembris
1065 978 1136 1008 apud
1158 979 1244 1009 ipsam
1271 981 1338 1003 civi-

447 1013 530 1036 tatem
552 1014 666 1039 Brixiae
686 1019 763 1041 venit
782 1021 810 1043 et
830 1021 971 1052 ingressus
992 1024 1046 1047 suit
1067 1026 1094 1048 in
1122 1027 1197 1050 (licta
1223 1029 1339 1052 civitate

446 1062 598 1093 magnifice.

530 1110 610 1136 Tunc
630 1114 834 1141 ambaxiatores
852 1118 978 1143 Mutinae
999 1120 1050 1153 [et]
1070 1123 1201 1148 dominus
1220 1125 1339 1150 Manfre—

444 1159 494 1182 dus
522 1160 554 1184 de
584 1161 642 1185 Piis
669 1163 822 1190 honorifice
851 1169 973 1193 sociatus
1002 1171 1035 1194 ad
1063 1172 1167 1196 dictam
1193 1176 1337 1199 civitatem

443 1207 556 1232 Brixiae
575 1211 603 1233 et
623 1211 655 1234 ad
676 1212 781 1236 dictum
801 1214 903 1246 Regem
924 1225 984 1241 cum
1007 1220 1207 1246 ambaxiatoris
1224 1224 1338 1248 Parmae

443 1258 469 1278 et
489 1255 570 1288 Regii
591 1262 747 1285 comuniter
767 1268 940 1289 accesserunt
960 1268 1005 1291 die
1025 1268 1106 1292 lunae
1133 1272 1179 1303 xxj
1208 1273 1336 1297 ianuarii.

528 1404 606 1429 Tunc
627 1407 671 1430 die
690 1409 782 1439 primo
803 1410 934 1435 februarii
960 1413 1124 1440 Manfredus
1150 1417 1182 1440 de
1208 1417 1267 1442 Piis
1292 1419 1337 1443 Vi-

441 1453 532 1476 carius
553 1455 581 1477 in
602 1455 713 1480 Mutina
732 1465 783 1489 pro
802 1459 972 1491 Imperatore
992 1470 1052 1486 cum
1077 1465 1141 1488 aliis
1167 1467 1337 1492 ambaxiato-

441 1501 517 1524 ribus
537 1509 551 1526 a
570 1502 646 1534 Rege
665 1505 697 1528 de
717 1506 814 1531 Brixia
834 1508 972 1534 Mutinam
993 1512 1135 1536 redierunt

439 1551 466 1572 et
485 1550 530 1573 die
544 1551 634 1581 primo
645 1553 788 1584 februarii
805 1557 936 1581 dominus
961 1559 1049 1584 Bocca
1075 1562 1108 1585 de
1134 1563 1335 1589 Boccabadatis

440 1597 530 1622 factus
556 1600 611 1623 fuit
637 1602 761 1626 sindicus
785 1605 813 1627 in
840 1604 970 1631 Consilio
996 1610 1127 1639 generali,
1154 1612 1200 1635 ubi
1223 1613 1334 1638 suerunt

438 1649 516 1678 cxxvj
534 1650 700 1679 consiliarii,
720 1653 758 1676 ad
774 1654 886 1678 (landum
905 1660 933 1687 ρει
950 1657 1108 1689 offerendum
1128 1661 1285 1686 dominium
1300 1664 1335 1686 ci-

439 1695 537 1720 vitatis
556 1696 683 1723 Mutinae
704 1701 782 1725 dieto
801 1701 880 1734 Regi,

524 1890 604 1915 Tunc
624 1893 669 1916 die
690 1896 798 1919 veneris
819 1897 869 1930 viij
887 1898 1019 1923 februarii
1035 1885 1240 1928 ambaxiatores
1254 1912 1329 1937 prae-

436 1938 505 1961 dicti
526 1938 611 1971 Regis
632 1942 742 1966 iverunt
762 1943 918 1970 Bononiam
939 1948 971 1971 ad
994 1948 1126 1980 Legatum
1141 1951 1279 1978 Ecclesiae
1292 1955 1328 1978 ibi

437 1987 612 2012 existentem.

521 2035 600 2060 Tunc
620 2039 664 2061 die
684 2043 812 2065 mercurii
840 2044 867 2076 vj
896 2047 990 2068 marcii
1019 2047 1150 2072 dominus
1176 2049 1270 2074 Guido
1297 2053 1330 2076 de

435 2083 495 2107 Piis
514 2085 644 2110 Vicarius
664 2089 691 2111 in
713 2089 823 2115 Mutina
835 2092 932 2124 factus
956 2102 1006 2126 pro
1033 2097 1148 2121 domino
1174 2098 1248 2130 Rege
1275 2102 1329 2124 ivit

434 2131 560 2157 Parmam
581 2136 613 2158 ad
634 2137 716 2166 zspsum
736 2138 838 2170 Regem
862 2144 889 2164 et
917 2144 977 2173 ipso
1003 2145 1048 2168 die
1074 2146 1204 2171 dominus
1230 2149 1329 2173 Petrus

434 2181 560 2206 Marinus
580 2185 754 2210 ambaxiator
775 2188 870 2220 Legati
893 2192 976 2215 rediit
996 2193 1093 2218 Parma
1113 2203 1127 2219 a
1153 2197 1230 2220 dicto
1254 2198 1328 2231 Rege

433 2231 460 2252 et
482 2231 535 2254 ivit
555 2232 720 2259 Bononiam.

432 2329 509 2357 parte
528 2329 595 2352 dicti
617 2329 702 2361 Regis
729 2334 757 2356 in
785 2334 895 2359 Mutina
921 2339 948 2360 et
974 2340 1074 2363 sintlici
1097 2341 1223 2366 Mutinae
1243 2345 1326 2368 redie-

430 2377 495 2398 runt
522 2377 554 2400 ad
582 2378 719 2404 Mutinam
747 2382 843 2407 Parma
869 2392 883 2408 a
909 2386 986 2409 dicto
1012 2387 1086 2419 Rege
1111 2390 1156 2413 die
1182 2392 1324 2417 dominico

430 2431 448 2447 x
467 2427 572 2449 marcii.

513 2736 593 2761 Tunc
612 2739 658 2763 die
678 2740 766 2765 sabati
787 2744 839 2776 xiij
863 2744 974 2776 Aprilis
994 2748 1136 2778 praefatus
1154 2749 1214 2775 Rex
1234 2753 1320 2778 intra-

426 2785 467 2808 vit
488 2786 516 2808 in
537 2787 652 2811 civitate
671 2787 762 2820 Regii.
775 2810 780 2814 .
794 2810 798 2815 .
812 2810 817 2815 .

510 2832 589 2858 Tunc
619 2836 664 2860 die
689 2838 833 2863 dominico
859 2845 984 2872 sequenti
1012 2847 1155 2876 praefatus
1182 2848 1320 2874 Iohannes

423 2880 481 2904 Rex
501 2882 630 2908 Boemiae
646 2887 763 2911 intravit
779 2889 922 2914 civitatem
938 2892 1064 2918 Mutinae
1078 2893 1130 2926 [et]
1145 2896 1319 2923 Mutinenses

423 2937 483 2953 cum
504 2933 610 2962 populo
631 2936 657 2957 et
679 2936 829 2966 nobilibus,
851 2940 993 2972 triumpho
1007 2944 1129 2968 maximo
1144 2946 1272 2970 tubarum
1292 2951 1318 2972 et

1128 191 1183 226 IN
1186 192 1495 232 TRODUZION
1497 198 1530 233 E

465 253 2290 297 ..........................................................................................................................................................................................................

1706 466 1874 505 Marsilio
1911 471 1966 506 dei
2001 475 2110 512 Rossi
2147 489 2168 512 a
2205 479 2294 515 Cre—

1487 728 1714 765 mettiamole
1744 733 1921 771 anzitutto
1957 748 1977 771 a
2007 740 2226 778 confrontO:

1747 862 1913 897 Monimo
1929 878 1937 898 :

2323 995 2362 1027 10

1481 1132 1584 1158 Eodem
1609 1144 1683 1161 anno
1710 1137 1805 1163 Guido
1831 1143 1858 1164 et
1885 1142 2047 1169 Manfredus
2074 1147 2106 1170 de
2131 1147 2191 1172 Piis
2216 1150 2292 1174 cives

1394 1180 1504 1204 Mutine
1523 1182 1629 1207 Vicarii
1651 1185 1759 1210 domini
1780 1188 1968 1220 Imperatoris.
2007 1191 2064 1220 Qui
2084 1195 2248 1222 Mansredus
2257 1199 2290 1222 de

1393 1228 1452 1252 Piis
1462 1238 1523 1253 cum
1543 1232 1609 1256 aliis
1627 1233 1780 1259 honorifice
1800 1239 1924 1263 socIatus
1944 1241 1998 1264 ivit
2013 1243 2182 1269 ambasiator
2201 1246 2234 1270 ad
2254 1248 2291 1270 ci·
2319 1235 2356 1267 15

1394 1279 1509 1301 vitatem
1530 1280 1624 1304 Brixie
1645 1283 1677 1306 ad
1698 1282 1801 1315 Regem
1820 1286 1953 1311 Ioannem
1972 1290 2084 1315 Boemie
2103 1292 2214 1324 Regem,
2229 1302 2290 1319 cum

1393 1327 1626 1354 ambasiatoribus
1646 1331 1838 1358 Parmensium
1852 1338 1879 1359 et
1893 1336 2074 1368 Regiensium
2094 1341 2139 1365 die
2159 1342 2224 1367 lune
2238 1346 2287 1378 xxj

1393 1376 1526 1400 ianuarii.

1478 1424 1558 1449 Tunc
1582 1427 1627 1451 dIe
1654 1431 1763 1454 veneris
1788 1433 1881 1462 primo
1908 1434 2040 1460 februarii
2069 1437 2232 1464 Manftedus
2256 1441 2290 1465 de

1390 1471 1450 1495 Piis
1470 1473 1600 1499 Vicarius
1619 1476 1728 1501 Mutine
1749 1486 1809 1503 cum
1831 1481 1896 1505 aliis
1916 1484 2151 1511 ambasiatoribus
2175 1496 2190 1512 a
2214 1488 2290 1521 Rege
2313 1480 2357 1510 20

1391 1520 1531 1546 Mutinam
1552 1532 1580 1547 ex
1602 1525 1695 1550 Brisia
1716 1528 1858 1553 redierunt

1389 1571 1416 1592 et
1436 1572 1502 1594 tunc
1521 1572 1566 1595 die
1591 1575 1682 1598 sabati
1704 1578 1815 1601 secundo
1834 1579 1978 1610 februarii
2002 1583 2142 1608 dominium
2167 1586 2289 1611 civitatis

1390 1619 1494 1643 Mutine
1513 1622 1603 1645 datum
1615 1623 1678 1655 suit
1696 1626 1765 1649 dicto
1785 1627 1862 1658 Regi
1879 1630 1906 1652 et
1925 1630 2056 1655 dominus
2070 1633 2160 1658 Bucca
2174 1635 2206 1658 de
2219 1635 2287 1660 Buc-

1389 1668 1531 1693 cabadati's
1553 1670 1642 1695 factus
1664 1673 1718 1697 fuit
1738 1675 1863 1700 sindicus
1883 1677 1916 1701 ad
1936 1678 1989 1702 hoc
2009 1682 2036 1703 et
2055 1682 2213 1706 consiliarii
2230 1684 2286 1709 sue-

2335 1721 2349 1730 ,

1388 1722 1452 1740 runt
1473 1717 1547 1742 ultra
1566 1721 1643 1744 cclxx.
1657 1722 1704 1752 qui
1714 1723 1830 1747 dominus
1845 1726 1933 1750 Bucca
1947 1728 1980 1750 de
2000 1729 2195 1756 Buccahadatis
2207 1733 2287 1757 sindi-
2309 1723 2350 1753 2³

1387 1770 1432 1788 :tus
1452 1768 1565 1791 comunis
1584 1769 1690 1793 Alutine
1710 1779 1765 1795 cnm
1791 1773 1892 1798 domino
1919 1775 2061 1808 Bam-'facio
2086 1779 2119 1802 cle
2146 1780 2287 1806 Caretanis

1387 1815 1507 1839 melarius
1525 1816 1608 1846 rjtsius
1627 1820 1739 1843 comunis
1759 1822 1864 1846 Mutine
1883 1823 1991 1848 iverunt
2009 1827 2046 1850 ad
2057 1829 2209 1857 predictum
2233 1830 2285 1854 Re—

1383 1870 1446 1893 gem
1466 1865 1504 1887 ael
1521 1867 1678 1891 tradendum
1699 1869 1724 1892 ei
1742 1870 1883 1895 dominium
1904 1873 2026 1898 civitatis
2044 1876 2165 1901 eiusdem.

1472 2057 1506 2081 Et
1521 2059 1566 2082 die
1581 2061 1711 2086 mercurii
1725 2064 1804 2087 sexto
1819 2066 1923 2089 mensis
1936 2068 2029 2090 martii
2043 2068 2174 2094 dominus
2185 2070 2280 2096 Guido

1384 2105 1416 2128 de
1436 2105 1495 2130 Piis
1514 2107 1644 2132 Vicarius
1665 2111 1692 2133 in
1713 2112 1831 2135 civitate
1851 2113 1960 2138 Mutine
1979 2122 2031 2146 pro
2045 2117 2122 2141 dicto
2136 2117 2211 2151 Rege
2225 2121 2280 2145 ivit

1383 2153 1509 2178 Parmam
1529 2157 1562 2179 ad
1583 2157 1679 2181 dictum
1699 2157 1801 2190 Regem
1821 2163 1848 2185 et
1869 2163 1928 2193 ipsa
1954 2164 1999 2187 die
2025 2165 2155 2190 dominus
2181 2167 2279 2194 Petrus

1382 2202 1508 2227 Marinus
1528 2205 1698 2230 ambasiator
1718 2207 1815 2239 Legati
1837 2210 1921 2234 rediit
1941 2211 2039 2236 Parma
2060 2221 2075 2237 a
2101 2215 2178 2240 dicto
2203 2215 2278 2249 Rege
2302 2209 2342 2242 35

1381 2252 1408 2274 et
1429 2252 1483 2275 ivit
1502 2252 1667 2278 Bononiam.

1467 2300 1503 2324 Et
1522 2302 1567 2325 die
1587 2303 1674 2327 sabati
1697 2312 1714 2328 x
1733 2303 1858 2337 [leggasi
1875 2307 1952 2341 viiij]
1973 2310 2072 2334 marcii
2094 2312 2202 2337 cridata
2222 2314 2277 2339 fuit

1380 2349 1475 2378 treuga
1498 2356 1531 2372 ex
1551 2352 1629 2380 parte
1649 2352 1716 2375 dicti
1739 2353 1823 2385 Regis
1844 2356 1872 2378 in
1893 2357 2009 2381 civitate
2029 2358 2139 2384 Mutina
2158 2363 2187 2384 et
2209 2363 2276 2387 tune

1386 2396 1468 2420 Guido
1479 2398 1510 2421 de
1521 2398 1580 2422 Piis
1602 2399 1719 2424 IYsarius
1733 2402 1800 2426 dicti
1812 2404 1900 2435 Regis
1910 2409 1936 2428 et
1949 2406 2049 2430 sindici
2065 2407 2175 2433 Mutine
2189 2411 2275 2434 redie-

1381 2447 1444 2468 runt
1459 2445 1598 2470 Mutinam
1613 2448 1710 2473 Parma
1725 2458 1739 2474 a
1754 2451 1831 2475 dicto
1845 2451 1919 2483 Rege
1939 2454 1984 2478 die
1997 2455 2141 2481 dominico
2159 2459 2187 2491 xj
2204 2458 2273 2491 [leg-
2302 2456 2347 2488 40

1374 2494 1443 2524 gasi
1461 2493 1490 2526 x]
1512 2498 1617 2520 martii.
2146 2500 2149 2501 ⁷

1465 2542 1499 2567 Et
1519 2546 1585 2568 tunc
1606 2546 1651 2569 die
1670 2549 1768 2571 martis
1783 2550 1867 2583 xviiij
1883 2552 1977 2575 martii
1993 2552 2156 2578 Mansredus
2169 2555 2202 2579 de
2213 2555 2273 2580 Piis

1377 2590 1507 2615 Vicarius
1527 2594 1554 2616 in
1576 2593 1687 2619 Mutina
1707 2603 1758 2627 pro
1778 2598 1888 2629 prefato
1908 2598 1982 2631 Rege
2003 2602 2057 2625 ivit
2083 2602 2210 2628 Parmam
2237 2605 2270 2629 ad

1377 2639 1482 2662 dictum
1506 2640 1608 2672 Regem
1636 2645 1663 2666 et
1693 2645 1757 2668 inde
1784 2646 1868 2670 rediit
1897 2648 1942 2671 die
1971 2650 2046 2673 iovis
2073 2652 2175 2685 xxviiij
2203 2651 2272 2685 [leg-

1372 2688 1440 2718 ἕπει·
1459 2688 1562 2721 xxviij]
1583 2692 1686 2715 martii.
2294 2701 2336 2734 45

1460 2854 1496 2878 Et
1516 2856 1560 2879 die
1587 2857 1730 2882 dominico
1756 2863 1883 2891 proxime
1910 2866 2033 2895 sequenti
2061 2867 2186 2897 prefatus
2208 2867 2268 2893 Rex

1374 2902 1493 2926 intravit
1507 2903 1654 2934 MutInarn,
1670 2907 1877 2934 Mutinensibus
1891 2919 1952 2935 cum
1966 2914 2071 2944 populo
2085 2916 2113 2938 et
2124 2916 2267 2941 nobilibus

1372 2950 1504 2975 universis
1523 2961 1577 2976 cum
1598 2955 1711 2983 vexillis,
1726 2958 1813 2986 paliis
1831 2962 1858 2982 et
1875 2959 2012 2990 bagordis,
2031 2962 2099 2986 ilari
2112 2965 2216 2995 gaudio
2241 2969 2268 2990 et
2289 2959 2332 2993 50
