2423 3561
418 304 422 307 ,
456 253 691 289 LXXXVIII
1144 251 1194 285 IN
1200 249 1546 286 TRODUZIONE

461 322 2282 337 ......................................................................................................................................................................................................

451 393 475 427 il
506 392 525 427 5
556 392 742 428 dicembre
771 392 794 425 il
830 390 916 426 lodo
946 390 1113 425 arbitrale
1149 389 1185 423 di
1226 389 1468 434 Salffiguerra,
1507 389 1563 422 nel
1592 387 1696 434 quale
1733 389 1752 421 ὲ
1790 394 1894 424 usato
1932 401 2003 424 uno
2039 389 2195 435 speciale
2233 389 2280 423 ri-

455 457 595 504 guardo
631 470 651 492 a
686 457 912 493 Bernardino
941 456 987 491 da
1016 455 1315 490 Montecuccolo.

540 525 595 559 La
625 524 758 558 notizia
786 522 845 557 del
880 522 977 557 1210
1006 523 1026 556 ὲ
1054 522 1136 556 data
1164 521 1260 555 nella
1288 520 1367 555 sola
1400 520 1634 555 trascrizione
1672 519 1732 554 del
1771 519 2014 555 Lancellotti:

776 655 855 686 Chr.
880 655 1023 697 Frigm
1627 651 1791 684 MORANO
1814 662 1834 684 e
1857 652 2050 685 BAzzAuo:

542 715 628 738 Anno
648 714 756 738 domini
787 714 866 737 Μῦες
892 714 1066 737 Mutinenses
1091 714 1120 736 in
1141 712 1251 743 potenti
1281 711 1339 734 bra-
1485 710 1515 733 In
1536 710 1678 733 Mccx....
1698 712 1725 733 et
1739 712 1805 734 tunc
1820 710 1992 734 Mutinenses
2013 712 2124 734 iverunt
2143 711 2174 735 in
2190 711 2281 735 Abba·
2328 710 2345 741 5

455 763 518 785 chio
539 763 636 785 contra
665 761 804 784 Medulam
829 762 981 784 exercitum
1005 761 1158 783 duxerunt:
1189 759 1339 789 eodemque
1399 760 1468 782 ciam
1489 760 1515 782 et
1542 758 1575 782 ad
1602 758 1742 782 Medulam
1768 761 1795 782 et
1815 759 1848 782 ad
1879 760 2077 783 monasterium
2107 760 2280 784 Frassenorii

454 818 529 835 anuo
548 810 718 842 compositio
740 811 812 834 facta
835 810 888 833 fuit
908 817 968 833 cum
989 810 1086 833 abbate
1109 809 1293 832 Frassenorii.
1396 810 1423 831 et
1452 809 1518 831 tunc
1547 808 1716 838 compositio
1745 806 1817 838 [cum
1844 808 1932 838 abate,
1957 808 1979 831 il
1996 809 2049 832 solo
2068 807 2153 840 Δίον]
2173 809 2284 833 Frasse-

1398 857 1458 880 nori
1480 856 1555 880 facta
1576 856 1639 879 fuit.

540 957 665 994 L’atto
700 957 736 992 di
771 958 1044 1004 composizione
1083 955 1119 1004 (“
1139 956 1218 991 talis
1263 967 1350 1002 pax
1395 960 1438 990 et
1482 953 1733 990 concordia
1774 955 1870 989 facta
1907 960 1962 990 est
1998 956 2092 990 inter
2129 967 2285 992 comune

461 1024 474 1041 ‘¹
491 1025 634 1060 Mutine
663 1035 710 1059 ex
738 1035 806 1058 una
833 1030 934 1070 parte
963 1029 999 1057 et
1027 1022 1221 1057 ecclesiam
1249 1023 1324 1057 sive
1360 1022 1620 1056 monasterium
1649 1019 1695 1054 de
1725 1020 1946 1056 Frassenoro
1975 1032 2022 1057 ex
2055 1022 2168 1057 altera
2185 1051 2200 1069 „
2248 1023 2285 1058 in
2316 1030 2354 1062 10

452 1091 702 1134 Tmmmscm,
737 1089 826 1124 Cod.
855 1089 959 1134 dipl„
979 1090 1045 1133 IV,
1075 1102 1109 1123 n.
1131 1086 1222 1134 268)
1258 1089 1277 1121 ὲ
1308 1086 1365 1121 del
1400 1087 1440 1121 14
1472 1086 1619 1121 ottobre
1654 1087 1768 1121 1210:
1800 1099 1818 1121 e
1847 1098 1913 1132 per
1940 1098 2022 1122 esso
2043 1087 2178 1122 l'abate
2205 1088 2286 1123 fece

452 1157 665 1192 remissione
706 1155 721 1173 “
741 1155 785 1190 de
823 1155 990 1190 omnibus
1025 1154 1225 1196 maleficiis,
1256 1153 1421 1198 dampnis
1454 1158 1490 1187 et
1526 1152 1660 1186 iniuriis
1696 1152 1799 1186 factis
1836 1151 1882 1186 ab
1922 1154 2086 1188 exercitu
2123 1154 2288 1189 comunis

460 1222 474 1239 “
492 1222 644 1260 Mutine,
662 1221 722 1257 vel
749 1222 794 1256 ab
823 1222 945 1268 aliquo
974 1222 1019 1256 de
1047 1221 1128 1266 ipso
1158 1220 1321 1254 exercitu
1347 1219 1415 1265 ipsi
1444 1218 1664 1253 monasterio
1692 1218 1752 1252 vel
1784 1218 1882 1253 abati
1900 1244 1932 1265 ῃ.

592 1289 651 1323 La
679 1289 814 1323 notizia
844 1287 901 1322 del
937 1288 1032 1323 1213
1054 1288 1073 1321 ὲ
1094 1286 1179 1321 data
1208 1284 1516 1321 coneordemente
1546 1283 1592 1318 da
1620 1290 1711 1319 tutte
1731 1284 1764 1319 le
1793 1283 1978 1319 redazioni
2007 1284 2103 1320 della
2131 1297 2287 1322 cronaca

419 1355 639 1402 frignanese:
2318 1359 2355 1392 15

575 1453 617 1486 A.
643 1453 722 1486 Chr.
747 1454 893 1496 Frzgrm
1209 1451 1252 1483 B.
1286 1451 1365 1483 Chr.
1390 1451 1538 1493 Frz'gm:
1915 1449 2095 1483 Monmo:

542 1512 628 1536 Anno
648 1512 761 1544 Mecxiij
778 1511 886 1535 nobiles
902 1510 934 1535 de
948 1511 1028 1535 Mon-
1175 1510 1259 1534 Anno
1280 1510 1393 1542 Mccxiij
1410 1509 1520 1533 nobiles
1538 1509 1570 1532 de
1584 1509 1663 1532 Mon·
1806 1509 1837 1532 In
1863 1509 1976 1541 Mccxiij
1990 1528 1995 1533 ,
2007 1528 2013 1534 .
2025 1526 2049 1534 ..
2077 1511 2145 1533 tunc
2176 1509 2293 1542 Fregna-

457 1561 593 1589 tecueulo,
608 1561 740 1584 videlicet
755 1560 934 1584 Guidinellus
948 1562 1028 1583 vetus
1087 1559 1222 1585 tecuculo,
1253 1558 1385 1582 videlicet
1412 1558 1594 1582 Guidinellus
1620 1565 1663 1581 ve·
1719 1564 1817 1581 nenses
1838 1559 1936 1581 iterum
1951 1560 2047 1582 contra
2062 1558 2236 1582 Mutinenses
2250 1566 2292 1583 ca-

456 1617 515 1633 cum
541 1609 704 1640 sequacibus
731 1610 795 1634 suis.
816 1610 931 1642 propter
957 1609 1030 1632 iniu-
1087 1610 1191 1633 tustior
1210 1616 1271 1632 cum
1293 1609 1455 1639 sequacibus
1475 1609 1532 1631 suis
1552 1608 1584 1631 de
1605 1607 1663 1630 Fri-
1718 1606 1774 1637 pud
1793 1608 1941 1630 erexerunt
1961 1608 1987 1631 et
2007 1614 2033 1630 se
2055 1607 2273 1632 revoltaverunt.

456 1659 512 1681 rias
531 1660 558 1681 et
572 1658 757 1681 contumelias
770 1657 810 1680 eis
823 1664 872 1689 per
891 1657 1032 1680 Mutinen-
1087 1665 1190 1689 gnano,
1204 1657 1240 1681 ob
1254 1657 1374 1681 iniurias
1388 1658 1415 1680 et
1430 1656 1614 1681 contumelias
1631 1656 1662 1679 il·
2317 1657 2360 1688 20

457 1714 498 1730 ses
518 1706 611 1731 illatas
626 1707 750 1738 ipsorum
765 1707 887 1737 ineptias
901 1706 971 1729 ferre
991 1706 1031 1729 ul·
1088 1707 1124 1730 lis
1152 1714 1200 1738 per
1231 1706 1406 1730 Mutinenses
1435 1706 1538 1734 illatas,
1567 1712 1663 1729 eorum

455 1755 542 1779 terius
563 1762 618 1778 non
639 1755 764 1778 valentes
783 1762 911 1785 guerram
930 1757 956 1778 et
973 1756 1032 1778 tur·
1089 1755 1210 1786 ineptias
1230 1754 1300 1777 serre
1319 1754 1439 1777 ulterius
1454 1761 1510 1777 non
1529 1754 1663 1782 valentes,

456 1804 518 1827 bam
546 1805 586 1827 eis
616 1804 790 1827 innovarunt
816 1803 939 1827 viriliter
968 1811 1029 1826 cum
1087 1810 1213 1834 guerram
1242 1803 1269 1826 et
1289 1803 1397 1826 turbam
1424 1803 1494 1834 ipsis
1517 1802 1662 1826 Mutinen-

457 1852 566 1876 auxilio
586 1852 818 1876 Bononiensium.
1089 1851 1165 1875 sibus
1185 1851 1342 1875 intulerunt
1362 1851 1492 1874 viriliter.

541 1961 613 2000 Qui
643 1961 816 1996 abbiamo
835 1972 883 1995 un
911 1961 1199 2006 atteggiarnento
1228 1960 1372 1996 diverso
1400 1959 1495 1994 dalla
1522 1960 1727 1995 medesima
1755 1961 1892 1994 notizia
1920 1960 2202 1996 fondamentale.
2258 1961 2286 1996 11
2314 1957 2356 1990 25

455 2027 614 2062 cronista
632 2027 833 2073 frignanese
853 2027 887 2062 la
906 2032 1072 2074 presenta
1091 2026 1330 2073 concependo
1349 2026 1383 2061 la
1401 2026 1595 2061 ribellione
1616 2025 1674 2060 del
1699 2026 1795 2061 1213
1817 2038 1924 2062 come
1944 2038 2016 2062 una
2032 2038 2282 2073 conseguenza

455 2093 550 2127 delle
570 2093 795 2140 oppressioni
823 2093 883 2128 dei
911 2092 1103 2128 Modenesi
1132 2093 1191 2127 nel
1219 2093 1402 2139 Frignano
1432 2092 1690 2139 aggiungendo
1717 2092 1740 2126 il
1769 2104 1879 2126 nome
1899 2093 1934 2127 di
1963 2093 2020 2127 chi
2049 2094 2083 2128 la
2103 2094 2282 2139 capitano,

454 2158 665 2194 Guidinello
694 2159 718 2192 il
747 2159 902 2194 vecchio
923 2158 969 2192 da
987 2158 1276 2194 Montecuccolo
1297 2169 1316 2192 e
1334 2157 1369 2192 la
1389 2158 1611 2193 circostanza
1631 2159 1697 2193 che
1719 2159 1729 2192 i
1750 2159 1960 2204 Frignanesi
1990 2159 2129 2194 ebbero
2157 2159 2283 2195 l'aiuto

455 2225 515 2259 dei
545 2225 754 2271 Bolognesi.
810 2225 838 2260 Il
867 2225 1025 2259 cronista
1052 2225 1253 2259 modenese
1281 2224 1411 2258 invece
1440 2224 1656 2271 concepisce
1683 2224 1709 2258 il
1737 2225 1829 2259 fatto
1850 2236 1957 2259 come
1987 2236 2056 2259 una
2083 2224 2216 2261 rivolta
2245 2225 2287 2260 il-

456 2290 633 2336 legittima
662 2289 806 2338 (capud
827 2289 1045 2337 erexerunt),
1076 2301 1183 2325 corne
1212 2302 1281 2324 una
1310 2289 1499 2325 ribellione
1529 2288 1580 2338 (se
1599 2288 1884 2338 revoltaverunt)
1914 2291 2076 2326 controi
2105 2293 2198 2338 patti
2225 2292 2285 2327 sti·
2312 2299 2353 2332 30

455 2356 567 2402 pulati
596 2358 654 2392 nel
690 2357 807 2401 12053
837 2369 856 2391 e
885 2357 1012 2403 ignora
1042 2356 1282 2391 l'intervento
1311 2356 1348 2390 di
1386 2355 1570 2402 Bologna‚
1599 2357 1810 2392 interessata
1839 2368 1981 2404 sempre
2010 2368 2031 2391 a
2058 2357 2218 2392 favorire
2247 2357 2283 2392 la

456 2422 635 2457 tendenza
662 2423 938 2458 antimodenese
968 2422 1026 2457 dei
1054 2421 1167 2457 nobili
1196 2421 1254 2456 del
1284 2422 1480 2468 Frignano.
1534 2422 1623 2457 Non
1651 2423 1680 2456 si
1707 2425 1780 2468 pub
1809 2422 1886 2457 dire
1910 2423 1977 2457 che
1997 2423 2057 2469 qui
2078 2423 2113 2457 la
2132 2434 2289 2458 cronaca

456 2489 659 2534 frignanese
687 2489 847 2535 dipenda
877 2488 922 2522 da
942 2487 1061 2534 quella
1081 2488 1117 2522 di
1145 2487 1327 2522 Modena:
1357 2488 1381 2522 il
1412 2489 1571 2523 cronista
1591 2487 1687 2522 della
1716 2494 1912 2534 montagna
1941 2488 2036 2523 deve
2056 2501 2146 2524 aver
2173 2493 2286 2524 tratto

455 2555 479 2589 il
498 2555 647 2590 ricordo
676 2554 723 2589 da
742 2555 896 2602 qualche
925 2554 1016 2589 altra
1038 2554 1150 2598 fonte,
1180 2554 1247 2588 che
1286 2555 1373 2599 pote
1403 2556 1463 2601 poi
1495 2566 1591 2590 esser
1617 2554 1752 2590 veduta
1781 2555 1896 2590 anche
1925 2554 1983 2589 dal
2013 2555 2170 2590 cronista
2206 2567 2287 2589 mo-

457 2621 604 2666 denese,
634 2633 656 2655 o
686 2621 732 2656 da
760 2620 912 2667 qualche
941 2620 1168 2655 documento
1196 2631 1220 2653 o
1249 2620 1427 2654 memoria
1455 2620 1522 2654 che
1551 2620 1666 2655 allora
1694 2621 1788 2655 fosse
1817 2631 1951 2655 ancora
1977 2620 2014 2654 in
2043 2631 2125 2655 casa
2152 2619 2213 2654 dei
2237 2621 2284 2655 si·
2311 2626 2351 2660 35

456 2687 562 2732 gnoti
591 2686 627 2721 di
655 2685 961 2722 Montecucc010:
991 2686 1025 2720 lc
1053 2684 1236 2720 menzioni
1265 2684 1301 2718 di
1332 2685 1545 2720 Guidinello
1575 2686 1598 2719 il
1626 2686 1783 2721 vecchio
1812 2697 1832 2720 e
1870 2684 2057 2721 dell’aiuto
2085 2685 2286 2733 bolognese

455 2764 547 2787 sono
575 2758 710 2798 troppo
740 2752 918 2798 esplicite,
948 2753 993 2786 ne
1021 2762 1181 2797 possono
1201 2753 1319 2785 essere
1339 2756 1432 2786 state
1461 2751 1485 2785 il
1506 2751 1681 2796 prodotto
1711 2752 1747 2786 di
1777 2764 1846 2786 una
1864 2752 1996 2797 ipotesi
2024 2751 2083 2787 del
2113 2753 2285 2787 cronista.

462 2818 578 2855 “Non
606 2821 625 2853 ὲ
653 2818 900 2855 inverosimile
931 2839 978 2845 —-
1009 2828 1203 2853 osservava
1231 2817 1257 2851 il
1287 2817 1529 2852 Tiraboschi¹
1568 2838 1618 2843 —
1647 2818 1714 2853 che
1743 2817 1846 2853 desse
1877 2817 2073 2852 occasione
2109 2829 2130 2852 a
2162 2823 2288 2864 questa

547 2981 554 2997 ¹
576 2984 656 3007 Mem.
677 2987 739 3007 κίον.
761 2984 834 3014 mod„
855 2982 901 3011 ῙΠ,
925 2988 980 3014 115.
