2423 3561
815 215 869 251 IN
872 216 905 250 T
907 214 1215 250 RODUZIONE

125 288 1029 302 ....................................................................................................

463 346 652 378 ΒΑΖΖΑΝοε

199 416 277 440 Tunc
296 421 364 446 gens
383 413 522 437 Ecclesiae
543 414 620 437 venit
642 414 669 436 in
682 413 823 437 obsessum
837 413 870 437 ad
885 414 1004 436 castrum

113 464 218 490 Saxoli.
232 464 277 488 die
290 463 433 487 dominico
445 463 533 486 sancti
549 462 645 495 Lacari
659 471 664 490 ;
679 462 750 493 quod
766 464 886 485 castrum
899 462 940 484 eis
953 463 1006 484 tra-

114 514 202 540 ditum
222 514 249 536 et
269 512 363 538 datum
385 511 439 535 fuit
459 511 504 534 die
524 511 611 534 sabati
634 511 768 541 sequenti.

72 561 90 593 5

54 802 95 834 10
200 801 286 825 Dicto
305 802 428 832 tempore
442 800 545 833 elapsis
564 801 660 832 paucis
680 800 777 823 diebus
791 800 866 823 dicta
879 806 947 830 gens
958 799 1006 822 Ev-

115 851 198 875 lesiae
227 850 332 881 accepit
358 851 476 873 castrum
504 849 612 872 Marani
642 849 783 872 Araldini.
814 848 854 871 Eo
883 850 1007 879 ternpore

115 899 245 923 dominus
264 897 413 931 vert—:usius
432 898 466 922 de
485 897 582 921 Lando
608 898 641 920 de
667 897 810 921 Placentia
837 896 1009 928 Capitaneus

115 948 207 979 gentis
226 946 365 970 Ecclesiae
384 947 482 970 habuit
502 953 551 977 per
570 946 748 969 concordiam
769 947 859 969 castra
884 944 1006 978 Gorcani

115 998 142 1020 et
161 995 277 1029 Speqani
293 997 320 1018 et
339 1002 387 1026 per
402 996 459 1018 vim
472 995 628 1018 habuerunt
648 996 767 1018 castrum
783 994 875 1018 Castri
890 993 1008 1019 Veteris,

54 1045 90 1078 15
115 1052 183 1076 quae
203 1046 292 1068 castra
310 1046 390 1067 erant
410 1044 443 1067 ad
469 1043 657 1067 obedientiam
678 1044 805 1066 civitatis
832 1042 956 1066 Mutinae
983 1044 1009 1065 et

115 1093 293 1117 dominorum
312 1093 454 1116 euiusdem
458 1110 534 1119 .....
545 1090 552 1107 ¹

201 1190 305 1214 Eodem
325 1192 448 1221 tempore
470 1190 498 1212 in
526 1189 679 1221 M.cccxxvj
705 1189 836 1212 dominus
861 1187 1011 1221 Vercusius

115 1239 148 1262 de
167 1238 264 1262 Laudo
285 1237 456 1269 Capitaneus
469 1238 562 1268 gentis
581 1236 720 1260 Ecclesiae
743 1237 819 1259 venit
841 1237 868 1259 in
890 1235 1010 1266 Burgum

49 1291 91 1322 20
115 1285 272 1311 Citanovae
291 1293 352 1310 cum
371 1288 453 1317 gente
477 1293 525 1309 sua
550 1287 577 1309 et
601 1286 639 1308 ibi
667 1286 745 1308 stetit
772 1286 830 1317 xxij
859 1284 956 1307 diebus
983 1286 1011 1307 et

116 1344 176 1361 cum
196 1336 334 1360 machinis
347 1336 405 1359 suis
419 1335 521 1358 multas
540 1334 647 1365 lapides
667 1335 785 1365 proiecit
801 1335 828 1356 in
845 1328 1014 1363 civitatem]

116 1385 273 1417 dirupando
287 1384 409 1415 undique
423 1391 438 1407 a
452 1384 539 1407 strata
550 1382 646 1413 regali,
659 1384 686 1405 et
702 1383 730 1405 in
745 1383 829 1405 dictis
844 1382 923 1405 villis
941 1381 1009 1404 mul-

116 1435 159 1458 tas
178 1434 276 1458 domos
295 1432 482 1456 comburendo
503 1434 530 1455 et
543 1431 696 1454 combussit
711 1431 832 1461 Burgum
846 1431 1011 1463 Bacoariae·⁷

116 1485 143 1507 et
162 1483 206 1507 die
226 1483 369 1506 dominico
389 1482 468 1514 xxvij
491 1481 553 1510 iulii
575 1487 636 1503 cum
655 1482 737 1510 gente
758 1487 805 1503 sua
826 1480 930 1502 dictum
946 1479 1013 1502 Bur-

51 1537 91 1569 25
116 1539 180 1564 gum
200 1531 353 1555 combussit
373 1531 450 1562 quasi
471 1531 562 1553 totum
582 1531 609 1552 et
630 1530 750 1552 recessit.

50 1784 92 1816 30

56 2024 94 2056 85

57 2268 98 2299 40

207 2353 242 2377 Et
261 2353 306 2376 die
327 2353 435 2376 veneris
455 2353 525 2384 xviij
547 2351 649 2374 mensis
665 2350 726 2373 iulii
743 2349 877 2380 praedicti
894 2350 1013 2371 castrum

121 2401 294 2435 Formicenis
314 2402 410 2425 clatum
431 2401 485 2424 suit
505 2400 596 2423 dictae
616 2399 692 2429 genti
714 2397 853 2420 Ecclesiae
875 2403 921 2427 per
936 2397 1014 2419 terri-

123 2458 208 2482 genas
226 2451 294 2474 dicti
316 2450 400 2473 castri
421 2448 604 2481 Formicenis.

59 2509 98 2540 45
210 2546 246 2570 Et
268 2547 312 2570 die
340 2546 428 2569 sabati
458 2552 473 2568 v
500 2545 603 2568 mensis
624 2543 686 2566 iulii
714 2542 888 2566 Mutinenses
915 2542 1015 2564 intrin-

125 2598 178 2620 seci
200 2597 410 2620 combusserunt
430 2594 551 2624 Burgum
572 2591 707 2625 Ganaceti
730 2594 756 2615 et
777 2593 860 2614 etiam
888 2591 1014 2614 Albureti

124 2647 151 2669 et
173 2646 257 2669 etiam
281 2645 379 2668 domos
404 2644 557 2667 existentes
584 2643 611 2664 in
633 2641 725 2671 Burgo
751 2639 908 2663 Citanovae
934 2646 1017 2670 penes

125 2695 233 2725 portam
252 2695 338 2717 extra.

217 2845 223 2861 ¹
245 2844 300 2872 Qui
322 2851 403 2876 segue
423 2844 467 2868 nel
498 2843 622 2867 Bazzano
650 2842 677 2866 la
697 2842 808 2866 notizia
833 2842 876 2865 dei
899 2841 962 2866 fatti
988 2841 1015 2864 di

130 2887 308 2919 Borgosorte‚
327 2887 425 2910 Parma
445 2893 459 2909 e
477 2884 595 2916 Regglo,
616 2886 714 2916 ignota
735 2884 760 2908 al
782 2884 909 2907 Morano.

216 2927 226 2943 ²¹
246 2929 311 2952 Non
331 2927 345 2952 e
367 2927 386 2951 il
407 2926 523 2951 castello
550 2927 703 2951 omonimo,
730 2933 772 2948 ma
799 2932 852 2948 una
882 2924 949 2947 villa
972 2924 1014 2947 del

130 2970 263 2994 suburbio
283 2969 458 2994 occidentale
471 2976 478 2991 r
500 2967 512 2980 ‘¹
523 2974 585 2991 cum
599 2969 692 2998 agitur
706 2967 738 2990 de
758 2966 930 2997 Formigine,
946 2966 1016 2989 villa

1032 283 1951 296 ------------------------------------------------------------------------------------------------------

1418 343 1581 374 MORANO
1590 353 1598 373 :

1146 411 1247 435 Eodem
1271 418 1343 434 anno
1364 411 1494 434 dominus
1514 409 1664 443 Vercusius
1683 409 1715 432 de
1736 408 1834 432 Lando
1849 407 1952 438 capita-

1059 468 1126 484 neus
1139 461 1231 492 gentis
1245 460 1366 483 Ecclesie
1380 467 1441 483 eum
1456 460 1525 490 ipsis
1536 459 1666 490 gentibus
1678 458 1705 480 in
1718 458 1833 487 burg-um
1845 455 1951 481 saxon.

1059 509 1131 540 quod
1153 510 1224 532 idem
1245 509 1376 532 dominus
1395 507 1560 531 Passarinus
1573 509 1638 530 tum-
1655 514 1703 530 suo
1718 506 1845 529 dominio
1857 504 1952 535 guber-

1060 558 1143 581 nabat
1162 560 1189 581 et
1210 558 1258 581 sub
1279 559 1339 581 eius
1358 557 1486 580 custodia
1506 556 1648 580 detinebat
1670 556 1788 578 intravit
1802 555 1847 577 die
1861 553 1951 577 sabati

1060 607 1148 630 sancti
1170 606 1265 639 Lagari
1288 606 1390 629 mensis
1411 605 1505 628 martii
1531 606 1557 628 et
1577 604 1724 628 obsidione
1749 603 1842 634 posita
1863 603 1953 632 ipsum

1060 657 1180 679 castrum
1200 662 1261 678 cum
1282 654 1425 678 nobilibus
1444 654 1477 677 de
1496 653 1601 677 Saxolo
1622 653 1659 675 ibi
1682 653 1710 675 in
1731 652 1808 675 dicto
1828 651 1952 674 exercitu

1060 704 1246 727 existentibus
1267 704 1316 734 viij
1339 703 1445 726 dierum
1476 702 1570 733 spacio
1590 708 1638 732 per
1658 700 1836 724 concordiam
1856 698 1954 722 habue-

1061 754 1134 775 runt.

1148 795 1265 818 Demum
1286 796 1348 826 ipso
1368 796 1492 826 tempore
1511 795 1537 817 et
1559 794 1677 816 instanti
1698 793 1818 816 castrum
1844 790 1953 814 Mai-ani

1061 844 1192 867 Araldini
1215 845 1272 875 ipsc
1287 845 1383 875 gentes
1402 842 1567 866 debellando
1588 843 1759 873 acceperunt.
1774 839 1954 863 Postmodum

1062 894 1151 916 castra
1170 892 1288 925 Specani
1309 894 1336 915 et
1355 890 1478 925 Gorcani
1493 898 1541 922 per
1555 890 1733 914 concordiam
1753 889 1908 912 habuerunt
1927 888 1955 910 et

1062 941 1191 966 Castrum
1206 941 1292 964 Vetus
1312 940 1476 964 debellando
1497 939 1634 963 violentia
1654 940 1812 969 rapuerunt,
1833 943 1954 969 peremp-

1063 991 1100 1013 tis
1116 990 1217 1013 ibidem
1230 990 1263 1013 de
1275 990 1436 1012 intrinsecis
1450 989 1531 1012 castri
1549 988 1637 1018 ipsius
1648 987 1722 1011 ultra
1737 994 1774 1010 xx
1794 985 1956 1009 horninibus

1063 1038 1247 1062 bellatoribus
1261 1040 1288 1061 et
1302 1038 1392 1068 captis
1404 1037 1559 1067 Hengrame
1574 1037 1607 1060 de
1619 1034 1750 1067 Gorcano
1770 1036 1797 1058 et
1812 1034 1955 1063 Ledrengo

1064 1089 1096 1111 de
1107 1087 1214 1111 Soleria
1226 1089 1291 1110 tunc
1306 1086 1493 1117 potestatibus
1508 1086 1590 1109 castri
1604 1085 1692 1116 ipsius
1707 1091 1757 1115 pro
1768 1084 1881 1106 comuni
1897 1082 1955 1106 Mu-

1065 1137 1124 1159 tine
1136 1136 1287 1163 antedicto,
1299 1136 1345 1166 qui
1361 1134 1438 1158 ducti
1455 1134 1567 1157 fuerunt
1576 1133 1733 1156 Bononiam
1749 1133 1776 1154 in
1792 1131 1956 1155 carceribus.

1152 1184 1255 1208 Eodem
1276 1191 1350 1207 anno
1370 1183 1511 1214 predictus
1531 1182 1662 1205 dominus
1675 1181 1824 1213 Vercusius
1839 1186 1900 1203 cum
1912 1180 1958 1202 sti-

1066 1234 1219 1265 pendiariis
1239 1232 1361 1255 Ecclesie
1383 1234 1409 1254 et
1431 1231 1574 1254 nobilibus
1599 1230 1764 1253 extrinsecis
1791 1229 1899 1252 Mutine
1926 1228 1958 1251 de

1065 1281 1257 1313 Rangonibus.
1277 1282 1309 1304 de
1331 1279 1498 1305 Mirandula,
1518 1280 1550 1302 de
1569 1278 1683 1305 Saxolo,
1703 1278 1735 1301 tle
1761 1276 1958 1303 Grassonibus,

1066 1331 1099 1354 de
1118 1330 1288 1360 Savignano,
1309 1330 1341 1352 ‹le
1361 1327 1548 1353 Gnidonibus,
1575 1327 1607 1350 de
1633 1326 1790 1350 Buschettis
1815 1327 1842 1349 et
1865 1332 1958 1348 corum

1067 1378 1251 1410 complicibus
1270 1380 1297 1401 et
1317 1377 1479 1407 sequacibus
1499 1375 1641 1399 nobilibus
1666 1377 1692 1398 et
1716 1374 1821 1406 plebeis
1843 1374 1959 1405 burgum

1067 1427 1206 1451 Citanove
1227 1427 1353 1449 civitatis
1374 1425 1482 1449 Mutine
1509 1424 1646 1447 violentia
1673 1424 1849 1446 intraverunt
1875 1424 1901 1445 et
1922 1423 1961 1445 in-

1067 1477 1204 1499 trinsecos
1224 1475 1331 1498 Mutine
1352 1476 1408 1497 tam
1429 1475 1503 1496 cives
1523 1480 1604 1504 quam
1619 1472 1819 1503 stipendiarios
1840 1472 1868 1494 in
1883 1471 1960 1494 dicto

1067 1525 1154 1555 burgo
1174 1524 1207 1547 ad
1228 1524 1417 1547 defensionem
1440 1522 1528 1553 ipsius
1550 1522 1703 1544 existentes
1729 1520 1793 1543 inde
1818 1526 1904 1550 usque
1931 1520 1958 1543 in

1067 1573 1211 1595 civitatem
1241 1573 1269 1595 in
1295 1571 1391 1601 fugam
1419 1572 1447 1594 et
1475 1571 1592 1600 stragem
1621 1569 1771 1592 maximam
1797 1569 1960 1599 posuerunt,

1066 1622 1174 1645 eosdem
1196 1620 1292 1643 taliter
1311 1621 1506 1650 persequentes
1526 1625 1610 1648 usquc
1630 1618 1662 1641 ad
1691 1618 1801 1640 ianuam
1825 1616 1959 1642 civitatis,

1067 1670 1139 1701 quod
1161 1669 1246 1700 aliqui
1268 1676 1302 1692 ex
1322 1668 1516 1699 stipendiariis
1535 1666 1658 1690 Ecclesie
1679 1667 1707 1689 in
1728 1666 1873 1688 civitatem
1900 1672 1960 1688 cum

1068 1719 1136 1749 ipsis
1155 1717 1364 1742 Mutinentibus
1384 1716 1545 1739 intrinsecis
1560 1716 1754 1741 intraverunt:
1775 1719 1892 1745 quorum
1906 1713 1961 1736 duo

1068 1768 1095 1790 in
1117 1767 1215 1798 spaldo
1240 1766 1357 1789 fratrum
1376 1764 1579 1788 Heremitarum
1607 1763 1719 1786 fuerunt
1745 1762 1849 1793 gladiis
1876 1763 1960 1784 inter-

1068 1816 1147 1843 fecti;
1168 1815 1276 1838 demum
1299 1815 1326 1837 in
1347 1814 1423 1836 dicto
1443 1813 1531 1843 burgo
1545 1812 1605 1844 xxij
1621 1811 1718 1834 diebus
1732 1811 1876 1834 continuis
1891 1817 1962 1833 com·

1067 1866 1207 1888 morantes
1227 1871 1241 1887 a
1261 1864 1347 1886 strata
1369 1861 1453 1893 regali
1469 1868 1551 1892 supra
1565 1862 1591 1883 et
1607 1860 1680 1883 infra
1701 1859 1785 1883 villas
1806 1859 1861 1882 fere
1882 1859 1960 1882 undi-

1066 1920 1118 1943 que
1132 1912 1287 1943 spoliantes
1300 1913 1326 1934 et
1340 1911 1456 1941 burgum
1468 1910 1615 1933 Baiovarie
1628 1910 1655 1931 et
1674 1909 1758 1931 etiam
1771 1907 1960 1938 Formiginem

1068 1958 1208 1985 veterem²
1227 1962 1285 1984 tam
1305 1967 1319 1983 a
1340 1960 1426 1984 strata
1447 1965 1529 1988 supra
1549 1965 1630 1988 quam
1652 1957 1726 1980 infra
1754 1956 1809 1980 sere
1835 1956 1958 1987 undique

1067 2010 1282 2035 concremantes,
1305 2009 1343 2031 ita
1363 2007 1435 2038 quod
1456 2013 1552 2029 omnes
1573 2005 1640 2029 ville
1660 2006 1687 2028 et
1710 2005 1771 2028 loca
1795 2005 1962 2028 mutinensis

1067 2059 1195 2085 diocesis,
1209 2058 1332 2088 exceptis
1347 2055 1439 2087 Carpo
1453 2057 1479 2079 et
1494 2042 1726 2085 Campogaliano,
1741 2053 1844 2081 FinaH,
1859 2053 1962 2077 Sancto

1067 2107 1158 2130 Felice
1178 2108 1205 2130 et
1219 2105 1415 2137 Spilamberto,
1437 2111 1464 2127 se
1484 2111 1545 2126 curn
1565 2103 1641 2126 dicto
1656 2102 1772 2125 domino
1786 2101 1921 2134 Vercusio
1935 2103 1962 2125 et

1068 2156 1152 2179 dictis
1177 2155 1307 2185 gentibus
1328 2153 1541 2179 concordarunt,
1563 2151 1697 2174 victualia
1723 2152 1750 2174 et
1775 2150 1881 2174 tributa
1901 2157 1964 2173 con.

1069 2204 1218 2227 tribuendo
1237 2203 1339 2226 eisdem
1360 2203 1386 2225 et
1402 2200 1497 2224 tallias
1516 2200 1662 2223 hominum
1682 2198 1850 2222 destinando
1871 2198 1902 2221 ad
1925 2199 1963 2220 in-

1071 2253 1244 2277 forciandum
1260 2252 1376 2281 burgum
1390 2249 1506 2273 eundem
1521 2250 1547 2272 ct
1563 2248 1726 2271 fodiendum
1741 2247 1836 2270 foveas
1850 2247 1964 2270 circum-

1069 2304 1193 2325 stantes:

1157 2348 1183 2368 et
1210 2347 1275 2368 tunc
1298 2343 1442 2366 intrinseci
1470 2341 1640 2374 Formicinis
1667 2342 1758 2371 ipsum
1778 2342 1898 2363 castrum
1919 2340 1963 2362 die

1071 2396 1113 2427 iiij
1141 2394 1243 2417 mensis
1271 2392 1332 2415 iulii
1354 2391 1476 2414 Ecclesie
1503 2397 1550 2421 per
1576 2389 1753 2412 concordiam
1778 2388 1961 2417 tradiderunt,

1070 2443 1181 2467 Clerico
1201 2442 1234 2465 de
1255 2440 1422 2467 Mirandula,
1444 2439 1514 2462 alias
1533 2438 1565 2461 de
1580 2437 1663 2463 Picis,
1679 2439 1706 2460 in
1721 2438 1860 2468 potestate
1874 2438 1962 2459 trans-

1071 2493 1155 2515 misso
1176 2498 1226 2522 pro
1247 2489 1370 2512 Ecclesia
1391 2488 1422 2511 ad
1444 2487 1598 2510 custodiam
1620 2486 1688 2509 dicti
1710 2486 1802 2508 castri.

1157 2539 1198 2562 Ne
1218 2539 1308 2562 autem
1331 2538 1388 2568 ipse
1408 2537 1504 2566 gentes
1524 2534 1646 2558 Ecclesie
1667 2535 1694 2556 in
1722 2534 1809 2564 burgo
1827 2531 1963 2556 Ganaceti

1071 2590 1097 2611 et
1118 2587 1245 2610 Albareti
1266 2587 1410 2617 pergerent
1431 2585 1463 2607 ad
1487 2583 1658 2607 morandum.
1675 2583 1819 2605 intrinseci
1840 2582 1967 2605 civitatis

1073 2639 1196 2668 ipsorum
1218 2636 1365 2666 burgorum
1387 2634 1484 2656 domos
1506 2632 1649 2655 victualiis
1669 2631 1766 2663 plenas
1780 2631 1874 2654 subito
1889 2631 1966 2660 quasi

1071 2692 1167 2709 omnes
1186 2685 1351 2707 cremarunt.
1389 2682 1441 2704 Die
1463 2688 1527 2704 vero
1548 2681 1691 2703 dominico
1717 2686 1774 2701 xxv
1796 2679 1858 2702 iulii
1880 2679 1969 2709 presa-

1074 2840 1087 2853 “
1098 2847 1150 2871 que
1169 2841 1211 2862 est
1233 2839 1305 2861 intra
1326 2838 1413 2860 cii-cas
1427 2842 1510 2867 penes
1527 2835 1622 2858 foveas
1636 2834 1765 2857 civitatis
1780 2832 1896 2856 Mutine.
1912 2838 1957 2862 ap—
1989 2838 2001 2862 5

1564 2875 1656 2899 indice
1670 2874 1744 2906 degli
1766 2875 1865 2897 statuti
1886 2873 1959 2896 delle

1577 2924 1635 2948 310.
1665 2916 1694 2939 Si
1722 2916 1770 2939 cfr.
1801 2916 1886 2939 anche
1912 2916 1958 2946 qui

1073 2882 1086 2893 “
1098 2882 1214 2913 ponitur
1234 2881 1404 2903 adiectu-um
1425 2881 1500 2900 vaus
1512 2894 1524 2905 ,‚
1537 2885 1542 2899 .-

1072 2924 1165 2953 Acqut·
1185 2923 1232 2944 cit.
1254 2920 1297 2944 dal
1328 2920 1402 2944 Tim,
1422 2920 1492 2948 Dia,
1516 2918 1547 2942 H.

1072 2965 1199 2988 addietro
1215 2971 1229 2986 a
1244 2971 1268 2995 p.
1293 2960 1430 2988 XXXVII,
1450 2960 1467 2983 l.
1489 2966 1511 2991 5,
