2423 3561
75 631 91 662 5

55 959 94 990 10

65 1288 101 1320 15

63 1621 104 1651 20

69 2282 110 2313 30

829 213 1236 256 INTRODUZIONE
1798 200 1947 240 LXXV

124 364 238 408 “Ego
266 360 455 396 Romanus
484 357 528 392 de
558 355 739 391 nobilibus
767 353 813 388 de
844 353 995 387 Vezano
1026 350 1071 384 de
1100 349 1209 384 Ianua
1246 345 1415 382 vicarius
1444 348 1479 378 et
1508 344 1681 378 Assessor
1710 336 1897 383 magnifici
1917 341 1953 370 et

123 431 136 448 ‘⁴
155 427 323 474 generosi
353 425 482 472 equitis
513 423 652 457 domini
680 420 837 456 Antonii
867 419 912 453 cle
943 415 1186 452 Michaelibus
1215 413 1260 447 de
1289 411 1395 446 Senis
1422 407 1646 443 honorabilis
1673 403 1868 441 Potestatis
1905 402 1955 436 ci-

122 495 137 512 “
155 494 278 529 vitatis
307 491 471 526 Ferrarie
501 490 644 535 eiusque
675 487 858 521 districtus
885 483 1166 530 suprascriptum
1195 477 1407 523 exemplum
1437 475 1608 510 continue
1629 484 1687 507 me
1716 471 1866 506 sedente
1887 478 1954 514 pro

125 560 139 577 ‘⁴
158 558 325 595 tribunali
355 556 555 592 auscultavi
584 561 621 589 et
650 551 886 588 inscontravi:
916 557 952 584 et
971 549 1054 595 quia
1074 546 1160 582 illud
1181 545 1302 579 inveni
1324 541 1548 578 concordare
1570 551 1652 574 cum
1671 538 1742 572 alio
1771 533 1955 580 exemp10‚

127 627 141 643 ‘⁴
158 639 178 661 a
206 636 279 672 quo
308 623 561 668 transcriptum
590 621 665 663 fuit,
693 618 780 652 ideo
807 617 895 651 illud
923 613 1101 649 insinuavi
1131 613 1222 647 etin
1242 610 1353 644 fidem
1372 608 1628 655 premissorum
1648 605 1705 638 hic
1724 615 1783 637 me
1812 599 1958 648 propria

127 692 265 726 “manu
306 688 498 734 subscripsi
519 713 550 733 „.
607 686 745 725 Questa
783 683 890 729 copia
927 680 1109 716 autentica
1150 678 1184 712 fu
1223 677 1310 711 satta
1346 676 1420 709 fare
1459 672 1555 707 dalla
1591 670 1789 715 segreteria
1826 665 1957 701 ducale

121 757 178 791 nel
213 754 322 799 1471,
353 754 646 789 evidentemente
666 762 730 796 per
749 750 782 784 le
812 747 993 795 questioni
1023 745 1087 779 che
1117 743 1232 777 allora
1260 742 1289 774 si
1319 740 1555 774 dibattevano
1584 742 1638 771 tra
1668 736 1677 768 i
1707 734 1777 768 due
1806 732 1959 778 governi

122 822 159 857 di
189 823 340 857 Ferrara
369 832 388 854 e
419 819 454 853 di
482 817 653 863 Bologna
683 817 778 851 circa
806 814 840 848 la
869 811 1122 848 confinazione
1151 815 1206 844 tra
1235 808 1355 843 Ciano
1385 817 1405 840 e
1442 802 1649 838 Serrai-alle
1687 800 1745 835 nel
1782 800 1894 845 luogo
1923 797 1960 830 di

130 888 372 924 Monteaeuto
401 898 421 921 e
451 885 547 919 circa
567 883 687 930 quella
718 881 776 915 del
814 884 925 926 ponte
965 877 1000 912 di
1030 873 1344 918 Sant’Ambrogio
1374 870 1464 905 sulla
1501 869 1559 903 via
1588 867 1721 902 Emilia
1732 875 1742 910 3
1780 863 1959 911 questioni

123 954 189 989 che
217 954 348 988 furono
377 951 524 986 risolute
553 949 589 984 13
609 948 726 996 prima
755 946 942 980 mediante
971 956 1019 977 un
1047 940 1156 976 laudo
1184 937 1352 974 arbitrale
1374 936 1410 970 di
1433 935 1599 971 Antonio
1620 932 1788 979 Fogliani
1808 943 1827 965 e
1849 930 1962 964 Carlo

122 1019 289 1055 Antonio
318 1017 493 1052 Fantuzzi
521 1014 700 1050 ratificato
730 1013 755 1047 11
786 1013 832 1046 25
865 1010 1009 1046 ottobre
1054 1007 1147 1045 1475
1178 1005 1224 1040 da
1261 1003 1445 1040 Giovanni
1480 1000 1663 1036 Alimerio
1700 998 1962 1042 luogotenente

125 1087 183 1121 del
214 1086 335 1131 legato
365 1084 400 1118 di
430 1078 642 1128 Bologna¹3
672 1092 691 1113 e
719 1080 754 1114 la
783 1076 943 1113 seconda
970 1087 1043 1110 con
1070 1085 1140 1108 una
1173 1073 1187 1089 “
1209 1070 1430 1117 compositio
1449 1096 1462 1109 „
1499 1067 1559 1101 del
1596 1068 1636 1100 14
1668 1064 1816 1099 ottobre
1851 1061 1960 1103 1474,

131 1153 258 1187 “inter
285 1151 379 1186 lum
408 1149 598 1184 dominum
626 1145 827 1182 Herculem
856 1144 872 1178 Ι
900 1143 1046 1177 Ducem
1074 1138 1263 1174 Ferran‘ae
1293 1142 1330 1171 et
1359 1136 1526 1170 Comune
1546 1132 1712 1167 Bononie
1741 1141 1847 1175 super
1877 1139 1964 1162 eon-

129 1218 145 1236 “
163 1217 358 1254 troversias
387 1216 481 1251 circa
510 1214 643 1248 flumen
672 1211 827 1247 Panario
847 1237 861 1253 „
880 1208 905 1242 ².

271 1283 314 1322 F,
333 1282 371 1317 F
388 1282 411 1316 2.
444 1302 490 1308 ——
520 1281 566 1315 R.
595 1277 776 1314 Archivio
796 1276 832 1310 di
861 1276 965 1309 Stato
994 1274 1030 1308 di
1058 1271 1239 1316 Bologna‚
1269 1267 1444 1303 Archivz’o
1472 1264 1618 1310 Pepoll.
1651 1283 1695 1288 —
1729 1260 1965 1296 Grossissimo

128 1350 290 1393 volume,
319 1349 447 1383 scritto
476 1347 510 1382 al
538 1344 719 1393 principio
749 1342 807 1377 del
836 1340 961 1376 secolo
998 1338 1103 1382 XVI,
1139 1337 1205 1372 che
1243 1334 1454 1370 costituisce
1491 1344 1539 1366 un
1567 1330 1667 1365 ricco
1706 1327 1903 1363 cartolario
1932 1326 1967 1359 di

128 1422 224 1452 tutto
253 1416 311 1450 cio
341 1415 408 1449 che
436 1420 576 1460 poteva
605 1413 818 1446 interessare
846 1408 880 1441 la
907 1405 1069 1451 famiglia
1098 1403 1157 1438 dei
1195 1402 1377 1443 Comari,
1416 1398 1595 1433 feudatari
1633 1396 1669 1430 di
1697 1393 1856 1441 Vignola
1876 1404 1895 1426 e
1934 1392 1969 1426 di

129 1483 211 1518 altri
238 1481 363 1527 luoghi
392 1480 451 1514 del
478 1478 700 1514 Modenese:
731 1477 767 1510 in
796 1486 872 1509 esse
911 1483 1002 1508 sono
1040 1471 1109 1505 due
1139 1469 1283 1504 diverse
1322 1464 1545 1501 trascrizioni
1583 1462 1676 1497 della
1716 1459 1967 1495 confinazione

132 1549 191 1584 del
227 1549 336 1591 1222,
367 1547 434 1582 che
463 1557 527 1592 per
555 1545 588 1579 le
618 1542 769 1578 varianti
798 1547 852 1575 tra
882 1550 961 1573 esse
990 1535 1232 1573 intercedenti
1262 1533 1437 1568 debbono
1467 1541 1585 1565 essere
1614 1533 1706 1563 state
1732 1527 1818 1562 fatte
1838 1537 1879 1559 su
1899 1525 1968 1558 due

132 1614 296 1661 apografi
325 1612 472 1649 diversi.
528 1611 585 1646 La
613 1610 730 1657 prima
757 1606 991 1643 trascrizione
1021 1604 1041 1637 ὲ
1071 1600 1309 1647 incompleta,
1339 1611 1413 1633 non
1432 1592 1734 1642 comprendendo
1758 1593 1825 1628 che
1844 1591 1878 1625 la
1905 1590 1970 1625 ‹lc-

134 1681 311 1717 scrizione
340 1679 400 1713 dei
429 1676 562 1713 confini
592 1675 637 1710 da
667 1671 972 1720 Campogalliano
994 1681 1014 1704 a
1042 1670 1073 1704 F
1076 1668 1256 1703 rassinoro
1287 1665 1342 1712 (ἓξ
1378 1661 1482 1709 1-29)
1510 1661 1603 1697 tolta
1632 1660 1728 1695 dalla
1757 1658 1863 1705 copia
1892 1668 1970 1690 ese-

135 1748 236 1795 guita
266 1745 324 1781 dal
344 1745 471 1779 notaio
491 1742 662 1789 Rangoni
692 1740 716 1774 il
742 1741 784 1775 13
805 1737 962 1785 germaio
989 1736 1099 1778 1416,
1120 1734 1185 1768 che
1214 1733 1241 1767 si
1272 1732 1291 1765 ὲ
1311 1731 1372 1776 gia
1393 1730 1580 1775 registrata
1600 1738 1705 1772 sopra
1722 1724 1756 1759 al
1777 1723 1906 1758 codice
1933 1721 1970 1765 C,

135 1825 194 1849 ma
223 1813 283 1859 qui
313 1811 487 1846 abbiamo
518 1821 585 1844 una
614 1808 749 1842 notizia
779 1804 816 1839 di
843 1803 958 1839 molta
985 1802 1222 1847 importanza‚
1255 1798 1335 1833 cioe
1366 1796 1432 1831 che
1462 1794 1488 1829 il
1516 1792 1686 1839 Rangoni
1716 1802 1833 1826 aveva
1863 1793 1972 1824 tratto

134 1880 158 1914 il
199 1891 266 1914 suo
307 1878 488 1925 apografo
528 1876 542 1892 ⁴⁴
561 1876 607 1910 de
635 1871 850 1920 protocollis
878 1868 1108 1916 suprascripti
1146 1864 1281 1900 Donini
1324 1862 1369 1897 de
1408 1859 1632 1896 Tedelendis
1669 1856 1801 1892 notarii
1839 1853 1971 1889 mortui

144 1947 158 1964 '⁴
177 1946 265 1981 mihi
294 1944 477 1980 concessis
504 1942 655 1989 publico
689 1946 726 1975 et
761 1936 923 1984 generali
961 1934 1116 1970 consilio
1158 1931 1317 1966 civitatis
1354 1928 1554 1971 Mutine„;
1593 1925 1820 1960 circostanza
1848 1926 1973 1967 questa

138 2013 202 2047 che
232 2023 402 2047 accresce
440 2010 700 2055 l'importanza
737 2005 774 2040 di
804 2009 932 2053 questo
971 2000 1146 2048 apografo
1183 1998 1319 2045 perche
1347 1996 1371 2029 il
1401 1994 1526 2029 notaio
1554 1989 1758 2026 Tedelendi
1787 1988 1823 2022 fu
1852 1986 1973 2033 quello

136 2079 202 2114 che
230 2080 322 2124 rogo
353 2076 672 2122 originariamente
701 2073 751 2120 gli
779 2072 844 2106 atti
872 2069 933 2104 del
977 2069 1092 2111 12223
1121 2065 1238 2100 infatti
1266 2065 1304 2098 in
1333 2061 1405 2096 fine
1425 2059 1495 2095 alla
1532 2056 1754 2093 descrizione
1783 2055 1812 2089 si
1848 2053 1972 2098 legge:

142 2145 156 2162 “
176 2146 275 2179 Acta
301 2148 444 2178 tuerunt
472 2140 668 2177 solenicter
704 2140 740 2173 in
772 2134 1022 2184 suprascriptis
1059 2133 1150 2167 locis
1179 2136 1215 2166 et
1243 2142 1308 2176 per
1345 2126 1587 2174 suprascripta
1628 2123 1710 2157 loca
1746 2119 1974 2166 presentibus

144 2209 422 2257 “suprascriptis
455 2207 606 2243 testibus
634 2211 671 2240 et
706 2203 933 2252 presentibus
970 2200 1121 2235 domino
1159 2198 1277 2243 Nigro
1310 2193 1471 2230 Mariani
1507 2194 1686 2236 potestate
1723 2187 1877 2227 Mutine,
1908 2184 1975 2218 do—

146 2280 160 2295 “
177 2278 277 2311 mino
296 2276 462 2311 Henrico
484 2275 600 2308 ssravo
621 2271 666 2306 de
687 2272 817 2306 Parma
837 2269 1028 2314 capitaneo
1047 2264 1173 2312 populi
1192 2262 1348 2304 Mutine,
1370 2259 1529 2294 Alberto
1549 2256 1594 2291 de
1616 2255 1799 2296 Gorzano‚
1815 2250 1975 2286 Nicolao

145 2343 160 2360 ⁴⁴
179 2343 224 2378 de
252 2343 282 2377 F
283 2341 386 2386 redo,
407 2340 603 2375 Albertino
624 2338 669 2373 de
700 2335 920 2379 Boschettis,
940 2332 1109 2368 Germ-do
1130 2330 1175 2365 de
1203 2328 1425 2373 Savignano,
1445 2323 1604 2359 Iohanne
1626 2320 1671 2354 de
1691 2317 1921 2353 Monteresio
1941 2321 1977 2350 et

144 2409 159 2426 ‘⁴
179 2407 353 2444 Rolando
382 2408 567 2452 Rangono
587 2410 623 2440 et
651 2403 732 2438 aliis
759 2402 805 2437 ad
826 2399 989 2446 predicta
1007 2397 1146 2434 vocatis
1175 2401 1211 2429 et
1230 2394 1379 2439 rogatis.
1427 2392 1510 2435 Ego
1530 2387 1697 2423 Doninus
1726 2384 1771 2419 de
1800 2380 1976 2428 The[de]-

147 2477 161 2493 ·‘
179 2474 297 2509 lendis
323 2474 484 2509 notarius
512 2471 694 2506 dictorum
723 2468 956 2503 dominorum
984 2464 1112 2498 vicarii
1142 2467 1178 2497 et
1206 2460 1460 2496 Ancianorum
1497 2462 1534 2490 et
1563 2453 1609 2488 ad
1636 2449 1914 2487 reformationes
1943 2453 1979 2482 et

143 2542 157 2559 “
177 2540 329 2576 consilia
356 2538 530 2586 predictis
558 2535 726 2571 omnibus
755 2540 791 2569 et
818 2531 964 2578 singulis
993 2529 1137 2564 interfui
1167 2533 1204 2562 et
1223 2525 1347 2571 scripsi
1368 2551 1401 2570 „.
1457 2522 1485 2557 11
1502 2518 1665 2555 secondo
1694 2515 1869 2562 apograso
1889 2525 1978 2548 con-

144 2610 238 2644 tiene
266 2607 394 2641 intiera
431 2605 464 2639 la
493 2602 718 2638 descrizione
756 2599 814 2634 dei
844 2597 979 2633 confini
1015 2608 1034 2630 e
1062 2596 1100 2630 fu
1128 2599 1238 2629 tratto
1267 2592 1312 2626 da
1345 2588 1466 2638 quello
1499 2585 1558 2621 dei
1586 2591 1639 2620 tre
1676 2582 1774 2618 notai
1812 2580 1979 2616 veronesi

143 2673 241 2722 (cod.
264 2671 320 2720 D)
350 2671 408 2707 dal
437 2669 564 2705 notaio
594 2669 630 2703 di
658 2665 822 2701 Modena
856 2664 1062 2698 Francesco
1090 2659 1267 2696 Ranzani.

232 2838 239 2854 ¹
261 2839 353 2862 L'atto
373 2838 401 2860 di
423 2836 529 2860 ratifica
548 2834 562 2859 e
583 2835 627 2858 1161
647 2834 681 2858 R.
700 2833 839 2857 Archivio
859 2832 887 2855 di
907 2830 988 2855 Stato
1004 2830 1030 2853 (11
1176 2825 1186 2840 '²
1207 2825 1298 2849 Esiste
1321 2824 1348 2846 in
1370 2819 1419 2853 piix
1439 2819 1584 2851 esemplari
1607 2817 1683 2841 nello
1710 2818 1797 2839 stesso
1823 2813 1855 2837 R.
1878 2813 1977 2836 Archi·
2007 2820 2020 2843 5

144 2881 271 2907 Modena,
294 2879 402 2911 Corfini,
424 2877 484 2901 filza
505 2884 551 2908 50:
573 2884 586 2900 e
609 2877 634 2899 vi
658 2877 679 2899 si
701 2876 757 2898 cita
778 2875 797 2897 il
825 2874 908 2897 laudo
933 2873 1032 2895 scritto
1089 2870 1144 2896 vio,
1167 2867 1275 2899 Confim'.
1295 2865 1358 2888 filza
1378 2870 1419 2894 54,
1439 2863 1524 2892 rogiti
1554 2861 1596 2884 dei
1619 2859 1695 2882 notai
1718 2858 1914 2880 Bonaventura
1929 2854 1977 2878 Pa-

143 2923 187 2946 dai
209 2922 286 2945 notai
303 2920 446 2944 Giovanni
462 2917 579 2942 Tavella
593 2917 738 2940 modenese
751 2924 765 2939 e
780 2915 934 2938 Deme-nico
948 2914 1032 2936 Amo·
1091 2911 1172 2934 leotti
1194 2909 1344 2938 bolognese
1367 2913 1381 2928 e
1401 2904 1524 2935 Gaspare
1545 2901 1699 2926 Carandini
1721 2899 1873 2922 moden-esev

144 2964 199 2988 tini
219 2963 379 2994 bolognese,
400 2961 448 2984 che
469 2962 496 2983 io
517 2967 573 2983 non
595 2965 663 2982 sono
685 2959 802 2982 riuse'ito
823 2964 837 2980 a
857 2958 976 2980 trovare.
