2423 3561
79 954 116 984 10

85 1296 120 1326 15

83 1561 124 1592 20

86 1823 126 1856 25

81 2086 123 2117 30

99 2612 139 2642 40

862 219 1262 255 INTRODUZIONE
1815 217 1966 252 XXXV

142 293 1960 307 ..........................................................................................................................................................................................................

139 373 202 408 par
230 363 436 406 opportuno
457 357 682 404 pubblicarli,
703 359 816 392 anche
836 359 971 403 perche
1000 359 1027 391 si
1057 357 1164 391 abbia
1183 370 1230 392 1111
1249 358 1376 404 saggio
1406 356 1570 391 dall’artc
1601 357 1740 391 notaria
1763 356 1821 389 del
1842 360 1966 390 nostro

142 426 315 468 cronista3
337 435 396 458 1113
416 423 473 459 nel
493 430 709 460 testamento
730 426 748 457 ἰ·
768 424 1050 470 singolamiente
1071 423 1288 458 ossen-abile
1309 423 1341 456 la
1363 428 1464 468 parte
1487 422 1552 457 che
1575 434 1756 457 concernc
1778 421 1809 455 la
1829 420 1965 455 biblio-

139 498 219 528 teca
237 491 273 525 di
297 490 487 525 Bonifazio
508 491 553 524 da
574 491 751 525 Mor-ano:
774 490 843 536 egli
864 502 908 524 ne
928 490 958 524 fa
981 501 1049 524 una
1077 490 1310 534 ripartizione
1330 494 1383 523 tra
1411 490 1422 522 i
1451 490 1528 523 suoi
1557 487 1669 531 credi,
1693 487 1917 533 assegnando
1947 497 1968 519 a

142 556 339 593 ciascunoi
368 555 447 590 libri
475 556 540 591 che
569 556 630 602 piu
656 557 703 601 gli
734 566 918 602 pai-ovano
948 556 1169 602 appropriati
1199 554 1388 589 all'indole
1418 567 1440 587 o
1469 554 1539 597 agli
1568 553 1662 588 studi
1692 553 1728 587 di
1748 552 1804 587 chi
1824 551 1969 587 doveva

141 623 287 660 venirne
316 622 352 656 in
381 633 564 668 possesso;
594 634 614 656 e
643 621 790 657 l'esame
819 621 854 655 di
883 627 1008 668 questa
1037 620 1275 667 suppellettile
1303 620 1448 654 libraria
1478 621 1511 654 ci
1539 619 1648 654 lascia
1679 618 1866 653 intendere
1905 617 1970 652 che

140 689 258 736 quella
277 688 312 722 di
326 688 517 723 Bonifazio
533 700 605 722 non
621 688 713 723 fosse
735 689 800 723 che
817 701 884 722 una
901 693 999 733 parte
1019 687 1113 721 della
1132 686 1331 722 biblioteca
1346 686 1549 721 domestica
1568 684 1626 719 dei
1642 685 1810 720 Morano.
1832 683 1971 722 Questa

140 754 299 801 famiglia
326 754 440 789 infatti
469 755 615 789 doveva
644 755 837 800 possedere
867 764 935 788 una
963 753 1078 788 molto
1107 753 1272 799 maggior
1302 753 1409 799 copia
1438 751 1474 785 di
1501 751 1599 793 liin-13
1627 762 1692 797 per
1720 755 1854 797 quanto
1883 761 1928 783 ne
1951 749 1970 781 ὲ

141 821 225 856 dato
254 820 407 856 rilevare
445 820 739 855 dall’inventario
769 820 864 854 della
891 820 1090 854 biblioteca
1124 819 1307 864 cospicua,
1337 818 1402 853 che
1432 830 1478 852 un
1507 817 1740 852 discendente
1771 815 1828 851 del
1848 821 1972 849 nostro

143 887 309 932 cronista,
338 887 504 922 Barnaba
532 888 579 921 da
607 888 780 931 Mol-ano,
809 886 931 920 fiorito
956 885 1050 920 nella
1078 885 1237 920 seconda
1265 886 1362 919 meta
1382 883 1440 918 del
1460 883 1584 918 secolo
1604 884 1695 918 XIV
1716 895 1735 917 0
1755 883 1890 917 vissuto
1909 893 1975 927 per

143 954 180 988 lo
207 954 269 1000 piu
296 955 331 988 in
360 954 519 998 Verona,
549 954 661 988 lascio
691 953 759 988 alla
787 964 848 988 sua
876 957 992 988 morte
1020 952 1076 986 nel
1111 952 1203 986 1411
1225 954 1247 987 ¹.

230 1020 257 1055 Il
287 1025 503 1055 testamento
533 1020 569 1054 di
597 1019 785 1054 Bonifazio
815 1022 834 1054 ὲ
865 1018 922 1053 del
951 1022 1123 1064 seguente
1152 1023 1297 1053 tenore:

231 1137 271 1169 In
287 1137 415 1169 Christi
439 1136 575 1169 nomine
601 1147 698 1168 amen
723 1146 813 1167 anno
838 1146 856 1167 a
879 1135 1058 1167 nativitate
1084 1134 1237 1166 eiusdem
1260 1133 1445 1166 Millesimo
1462 1132 1699 1165 trecentesimo
1716 1130 1976 1173 quadragesimo

145 1200 234 1222 nono
259 1189 449 1221 Indictione
475 1189 624 1221 secunda
648 1188 703 1220 die
728 1188 805 1219 lune
821 1188 986 1230 vigesimo
1011 1193 1106 1219 sexto
1130 1186 1255 1218 mensis
1278 1186 1433 1229 ianuarij.

233 1242 264 1273 (I
287 1243 451 1274 Dominus
473 1241 673 1273 Bonifacius
696 1241 783 1272 filius
806 1241 952 1272 condam
978 1241 1010 1272 d.
1035 1239 1234 1272 Guicardim·
1258 1239 1300 1270 de
1317 1238 1463 1270 Morano
1479 1238 1584 1280 judex
1601 1238 1686 1269 civis
1701 1236 1830 1268 Mutine
1848 1236 1891 1267 de
1915 1245 1976 1265 rua

144 1295 318 1338 galegarie
342 1295 386 1326 de
411 1294 630 1336 cinquantina
655 1293 774 1326 Sancti
797 1293 914 1325 Iacobi
937 1303 1036 1324 sanus
1059 1303 1121 1333 per
1136 1292 1279 1334 gratiam
1302 1291 1438 1322 Yhesus
1455 1290 1582 1322 Christi
1605 1295 1716 1321 mente
1733 1299 1834 1320 sensu
1851 1294 1884 1320 et
1901 1297 1976 1319 cor-

144 1359 228 1390 pore
251 1348 371 1379 nolens
395 1347 565 1379 decedere
589 1347 768 1378 intestatus
791 1347 852 1378 sed
876 1346 995 1378 volens
1019 1345 1118 1376 saluti
1136 1344 1246 1376 anime
1263 1354 1321 1376 sue
1338 1343 1518 1385 providere
1537 1349 1627 1374 certe
1644 1341 1856 1384 dispositioni
1873 1346 1907 1372 et
1923 1350 1976 1371 or-

147 1401 313 1433 dinationi
337 1400 481 1432 filiorum
505 1406 539 1431 et
561 1400 675 1431 uxoris
699 1409 740 1430 ac
763 1399 918 1430 universe
943 1399 992 1429 rei
1017 1397 1194 1429 familiaris
1217 1407 1276 1429 sue
1292 1407 1403 1428 rerum
1419 1402 1453 1427 et
1469 1396 1635 1428 bonorum
1652 1395 1800 1427 omnium
1818 1404 1879 1436 per
1895 1404 1974 1435 pre-

145 1465 223 1486 sens
252 1453 520 1495 nuncupativum
551 1458 786 1484 testamentum
818 1451 892 1483 sine
925 1451 1060 1492 scriptis
1091 1451 1127 1481 in
1154 1450 1246 1482 hunc
1276 1449 1414 1482 modum
1438 1449 1555 1480 facere
1578 1447 1783 1489 procuravit.
1816 1445 1975 1487 Inprimis

147 1507 282 1549 quidem
298 1506 445 1548 reliquid
460 1511 523 1547 pro
539 1506 739 1537 redentione
754 1505 868 1536 anime
884 1514 943 1535 sue
967 1510 1002 1536 et
1024 1503 1220 1535 remissione
1238 1503 1386 1534 omnium
1404 1507 1622 1543 peccatorum
1639 1510 1774 1532 suorum
1797 1499 1973 1542 sexaginta

147 1559 249 1591 libras
266 1558 400 1591 Mutine
423 1559 605 1591 solvendas
628 1558 855 1598 infrascriptis
878 1557 1034 1598 personis
1058 1562 1091 1588 et
1108 1556 1191 1588 locis
1207 1562 1240 1587 et
1256 1555 1488 1596 infrascriptis
1512 1555 1553 1586 de
1580 1553 1689 1585 causis
1705 1552 1868 1585 videlicet
1892 1552 1975 1583 duo-

149 1613 262 1645 decim
285 1612 388 1644 libras
410 1611 544 1644 Mutine
568 1610 750 1643 conventui
773 1611 915 1642 fratrum
940 1610 1107 1641 minorum
1130 1610 1173 1640 de
1191 1608 1325 1640 Mutina
1340 1609 1375 1639 in
1391 1609 1482 1639 hunc
1498 1607 1634 1639 modum
1650 1605 1812 1638 videlicet
1829 1605 1920 1648 quod
1937 1614 1979 1636 ex

148 1665 197 1697 eis
220 1671 350 1697 ematur
373 1675 458 1696 unus
482 1665 588 1696 lectus
612 1664 770 1695 aredatus
792 1673 856 1704 per
879 1662 1117 1703 infrascriptos
1141 1672 1217 1693 suos
1240 1662 1386 1693 heredes
1409 1661 1452 1691 de
1476 1670 1542 1691 una
1558 1659 1711 1691 culcidra
1726 1668 1795 1690 uno
1811 1657 1977 1700 plumina—

148 1718 198 1750 rio
222 1724 366 1760 quatuor
390 1717 640 1749 linteaminibus
664 1722 698 1748 et
721 1726 787 1747 una
812 1715 922 1747 cultra
945 1725 1005 1746 seu
1027 1715 1100 1756 ipse
1124 1714 1233 1746 lectus
1257 1714 1407 1745 eiusdem
1433 1711 1663 1745 extimationis
1686 1717 1718 1743 et
1741 1710 1868 1742 valoris
1893 1711 1978 1742 offe-

149 1771 257 1803 rendo
279 1771 389 1812 ipsum
413 1771 541 1802 lectum
565 1770 791 1810 omnipotenti
815 1769 880 1800 deo
898 1774 932 1800 et
949 1769 1133 1800 conventui
1149 1768 1383 1809 predictorum
1408 1767 1552 1797 fratrum
1568 1765 1613 1797 ad
1629 1775 1740 1796 ussum
1759 1769 1793 1795 et
1809 1773 1893 1805 opus
1909 1762 1981 1794 fra-

151 1830 236 1856 trum
261 1824 447 1855 forensium
470 1833 532 1865 pro
556 1822 764 1864 temporibus
789 1821 1032 1853 accedencium
1058 1821 1101 1852 ad
1125 1820 1255 1852 dictum
1280 1820 1391 1851 locum
1416 1825 1449 1851 et
1474 1819 1575 1849 etiam
1598 1818 1806 1848 intirmorum
1838 1816 1981 1847 fratrum

151 1877 209 1919 qui
233 1887 294 1918 pro
318 1876 529 1918 temporibus
552 1875 746 1906 infirmitate
771 1880 992 1917 gravarentur
1018 1884 1056 1904 ea
1081 1873 1299 1905 condictione
1324 1879 1357 1904 et
1381 1876 1484 1913 pacto
1508 1876 1546 1902 ut
1569 1875 1733 1911 perpetuo
1757 1869 1802 1900 ad
1825 1867 1982 1909 predicte

151 1929 286 1971 pietatis
310 1939 395 1971 opus
418 1935 572 1961 servetur
594 1927 723 1959 ibidem
747 1933 781 1958 et
803 1927 883 1959 nulo
907 1927 1008 1958 modo
1032 1926 1174 1958 alienari
1197 1925 1302 1967 possit
1325 1924 1377 1955 vel
1402 1925 1436 1954 in
1470 1923 1568 1954 aliam
1594 1932 1732 1953 causam
1764 1921 1918 1953 converti
1950 1926 1983 1952 et

153 1983 181 2014 si
206 1982 424 2014 contrafieret
448 1992 489 2013 ex
512 1991 602 2013 nunc
626 1980 698 2021 ipse
722 1985 862 2012 testator
886 1979 1028 2021 requirit
1051 1979 1176 2010 fratres
1199 1978 1281 2010 dicti
1306 1977 1373 2009 loci
1404 1977 1461 2019 qui
1493 1975 1732 2007 alienationem
1765 1973 1871 2015 ipsius
1901 1972 1982 2004 lecti

153 2035 308 2066 facerent
330 2034 384 2066 vel
409 2035 519 2075 ipsum
543 2033 667 2064 lectum
692 2033 725 2063 in
752 2033 851 2063 aliam
876 2042 1011 2063 causam
1035 2032 1090 2063 vel
1112 2041 1215 2062 uxum
1241 2034 1484 2061 converterent
1508 2034 1544 2059 ut
1567 2027 1601 2058 in
1631 2027 1687 2058 die
1718 2025 1836 2068 iudicij
1869 2036 1984 2057 coram

148 2085 213 2117 deo
237 2090 419 2117 teneantur
442 2084 508 2125 ipsi
532 2083 685 2115 testatori
709 2081 832 2114 redere
855 2083 1020 2114 rationem
1047 2088 1079 2113 et
1112 2081 1257 2112 animam
1281 2080 1386 2121 ipsius
1410 2087 1613 2110 conservare
1639 2077 1825 2118 indepnem
1858 2076 1901 2107 de
1934 2075 1983 2106 eis

156 2137 276 2180 quibus
300 2138 342 2170 de
367 2137 477 2169 causis
499 2136 647 2179 reliquid
673 2136 801 2167 dictum
824 2135 949 2167 lectum
974 2135 1018 2166 ad
1041 2134 1177 2176 pietatis
1202 2143 1287 2175 opus
1310 2132 1502 2174 predictum
1528 2137 1618 2162 etex
1643 2139 1732 2160 nunc
1750 2129 1840 2171 ipsos
1864 2128 1988 2160 fratres

156 2191 200 2222 ad
222 2190 378 2232 predicta
400 2190 491 2221 idem
517 2194 658 2220 testator
682 2194 831 2229 agravat.
871 2188 956 2219 Item
979 2187 1128 2229 reliquid
1146 2187 1266 2218 decem
1284 2184 1390 2216 libras
1415 2183 1546 2215 Mutine
1572 2182 1608 2213 in
1632 2182 1757 2213 auxilio
1774 2181 1909 2213 docium
1925 2191 1987 2212 nu-

156 2243 260 2275 bendi
278 2244 361 2275 duas
379 2243 434 2275 vel
451 2249 519 2274 tres
536 2241 722 2274 domicelas
738 2241 893 2272 volentes
911 2240 1038 2272 nubere
1055 2240 1109 2271 vel
1126 2239 1328 2281 religionem
1345 2237 1469 2268 intrare
1488 2246 1554 2267 non
1570 2235 1735 2266 habentes
1751 2235 1842 2266 unde
1860 2233 1988 2265 nubant

157 2296 333 2339 eligendas
355 2306 418 2337 per
439 2295 678 2335 infrascriptos
701 2304 777 2325 suos
801 2294 953 2324 heredes
1001 2293 1085 2324 Item
1111 2291 1258 2333 reliquid
1286 2290 1406 2332 viginti
1430 2289 1532 2321 libras
1555 2288 1685 2319 Mutine
1710 2288 1753 2319 de
1778 2287 1901 2328 quibus
1924 2285 1989 2317 emi

158 2349 264 2380 voluit
281 2354 314 2380 et
330 2349 476 2390 reliquid
490 2354 601 2380 vestes
617 2353 652 2378 et
663 2347 795 2379 tunicas
808 2345 851 2377 de
870 2345 951 2378 bixo
965 2356 1029 2387 que
1048 2345 1171 2376 dentur
1183 2350 1216 2374 et
1234 2344 1317 2375 dare
1333 2342 1546 2382 debeant[ur]
1561 2351 1623 2382 per
1639 2341 1731 2381 ipsos
1748 2339 1892 2371 heredes
1907 2349 1990 2380 pau-

160 2400 295 2442 peribus
319 2400 604 2441 vere[cu]ndossis
628 2405 662 2431 et
678 2408 745 2430 non
761 2398 993 2429 simulantibus
1016 2396 1185 2428 miseriam
1210 2402 1244 2427 et
1268 2396 1310 2426 de
1329 2394 1449 2437 quibus
1473 2404 1551 2434 spes
1567 2393 1611 2424 sit
1627 2392 1719 2433 quod
1742 2402 1800 2423 eas
1823 2401 1891 2422 non
1907 2401 1989 2422 ven-

160 2452 242 2484 dent
265 2454 326 2485 sed
341 2463 398 2485 eas
420 2459 559 2484 utentur
583 2451 744 2494 quamdiu
767 2450 958 2482 subsistent.
999 2451 1081 2481 Item
1105 2448 1253 2490 reliquid
1277 2448 1369 2490 quod
1392 2446 1533 2488 sing-ulis
1557 2446 1653 2477 annis
1677 2444 1802 2477 deinde
1825 2444 1870 2475 ad
1893 2444 1992 2485 quin-

162 2516 227 2548 que
251 2516 358 2537 annos
380 2512 511 2537 ematur
541 2514 602 2545 per
633 2505 724 2546 ipsos
747 2503 894 2534 heredes
917 2513 1019 2533 unum
1045 2501 1253 2544 quartarium
1277 2500 1347 2531 vim·
1370 2498 1522 2541 purisimi
1545 2503 1579 2529 et
1603 2497 1683 2529 boni
1707 2503 1741 2528 et
1764 2496 1873 2527 vinosi
1897 2495 1992 2537 quod

162 2569 224 2600 per
239 2569 298 2590 eos
314 2559 480 2590 offeratur
502 2558 585 2599 ipsis
609 2557 748 2599 singulis
765 2556 914 2598 quinque
937 2555 1034 2586 annis
1057 2554 1209 2586 sacristie
1227 2554 1371 2585 fratrum
1387 2552 1640 2593 predicatorum
1659 2550 1700 2581 de
1717 2549 1852 2580 Mutina
1868 2549 1993 2580 valoris

163 2611 389 2654 quadraginta
412 2611 598 2643 solidorum
616 2609 747 2640 Mutine
765 2619 826 2649 pro
843 2608 995 2650 quolibet
1011 2607 1183 2650 quartario
1201 2605 1378 2647 operando
1402 2603 1615 2635 solummodo
1638 2602 1682 2633 ad
1697 2602 1899 2632 sacrificium
1917 2611 1992 2633 cor-

162 2663 253 2704 poris
276 2663 401 2695 Christi
425 2664 460 2693 in
484 2662 577 2694 dicta
601 2662 748 2693 ecclesia
772 2667 806 2691 et
829 2670 895 2692 non
921 2660 957 2690 in
980 2660 1079 2691 aliam
1105 2669 1239 2690 causam
1267 2657 1498 2690 convertendo
1525 2655 1616 2697 quod
1641 2655 1667 2686 si
1701 2653 1920 2686 contrafieret
1952 2662 1994 2684 ex

164 2726 254 2747 nunc
278 2716 354 2756 ipse
370 2721 513 2747 testator
535 2714 681 2756 requirit
703 2714 826 2744 fratres
851 2713 935 2744 dicti
958 2712 1026 2744 loci
1051 2711 1338 2743 contrafacientes
1362 2715 1397 2740 ut
1421 2719 1522 2749 supra
1545 2707 1579 2738 in
1602 2707 1716 2749 legato
1740 2705 1859 2737 relicto
1884 2705 1995 2736 fratri-

163 2768 226 2799 bus
248 2768 434 2800 minoribus
458 2767 647 2799 antedictis.
695 2767 778 2797 Item
802 2765 950 2807 reliquid
967 2770 1112 2806 quatuor
1135 2763 1239 2794 libras
1263 2762 1396 2794 Mutine
1423 2772 1484 2802 pro
1509 2760 1654 2791 emendo
1678 2769 1777 2789 unam
1810 2757 1994 2800 culcidram

165 2831 225 2852 seu
247 2830 347 2851 unam
371 2820 514 2852 cultram
539 2819 690 2851 eiusdem
715 2818 944 2850 extimationis
969 2823 1003 2848 et
1027 2816 1152 2848 valoris
1176 2815 1390 2847 offerendam
1415 2812 1631 2854 onnipotenti
1656 2811 1722 2843 deo
1746 2816 1780 2842 et
1811 2810 1996 2842 conventui

255 2961 261 2977 ¹
284 2964 311 2987 1,.
332 2963 470 2988 §nicomv
488 2963 613 2985 Barnalm
629 2963 662 2985 dn
681 2962 799 2988 *alm-mm,
813 2967 875 2987 ecc..
890 2960 918 2983 in
935 2960 1054 2983 Nuovo
1109 2958 1277 2982 Archivio
1298 2957 1435 2980 Veneto,
1456 2955 1582 2980 Venezia.
1607 2961 1679 2983 1010.
1701 2961 1745 2985 pp.
1766 2951 1816 2977 218
1836 2960 1893 2985 sgg.
