2423 3561
71 783 109 814 10

63 1025 99 1056 15

66 1269 129 1313 20Ί

63 1573 106 1608 25

74 1903 120 1937 30

67 2232 110 2269 35

74 2584 115 2614 40

100 2917 113 2942 5

850 203 903 238 IN
906 202 1218 238 TRODUZION
1221 203 1253 236 E

120 276 1944 285 .........................................................................................................................................................................................................

494 334 683 365 ΒΛΖΖΑΝοε
1430 332 1513 363 Mon
1521 342 1609 364 auo:

1083 405 1149 427 maii
1173 405 1225 427 ivit
1247 404 1280 427 ad
1302 404 1426 427 Montcm
1447 404 1596 427 Florcnum
1621 407 1647 427 ct
1669 405 1741 435 cepit
1763 405 1800 428 ibi
1829 404 1973 427 Bartholo-

1083 460 1171 475 mcum
1207 451 1330 483 [lcggasi
1363 452 1566 483 Baldassarem]
1605 452 1691 476 filium
1725 451 1907 484 Guielmi[ni]
1940 453 1972 475 de

1082 500 1290 523 Montecucullo
1311 498 1350 530 [et
1371 500 1510 523 Matheum
1537 500 1622 523 alium
1642 500 1728 523 filium
1758 501 1904 531 parvulum
1925 500 1973 523 Al-

1082 547 1203 578 bergucii
1225 547 1257 570 (16
1278 547 1483 573 Montecuculo,
1505 548 1668 577 vinctosque
1690 547 1842 571 Ferrariam
1870 547 1974 578 duxitJ,

1082 595 1158 618 dicto
1183 594 1371 626 Guielmi[no]
1401 596 1539 618 existente
1570 596 1602 618 ad
1629 596 1767 626 quandam
1787 597 1846 619 eius
1869 596 1970 619 fortili-

1082 645 1168 671 tiam;
1188 644 1266 666 cuius
1287 642 1450 675 [novitatis]
1471 650 1551 666 causa
1572 651 1667 666 omnes
1687 646 1757 666 terre
1778 644 1897 667 Abbatie
1918 645 1975 667 ino—

1083 692 1225 715 bedientes
1248 692 1359 715 suerunt
1374 692 1490 715 domino
1506 691 1662 715 Marchioni
1678 696 1705 715 et
1720 699 1770 722 pro
1785 693 1884 715 maiori
1898 695 1975 723 parte

1083 742 1154 763 terre
1168 742 1195 763 et
1215 742 1305 764 castra
1319 740 1479 764 Comitatus
1493 739 1498 754 ¹
1512 749 1517 767 ;
1532 741 1610 763 cuius
1631 748 1711 764 causa
1726 741 1845 772 predicti
1866 742 1973 764 domini

1083 789 1247 812 Bonifacius
1267 790 1293 811 et
1314 789 1440 819 superius
1461 789 1598 812 nominati
1612 788 1622 804 ²
1642 789 1686 811 dic
1707 790 1804 812 martis
1831 790 1880 822 viij
1909 790 1973 812 maii

1083 844 1144 860 cum
1170 838 1227 860 suis
1254 837 1484 867 sequacibus....
1511 839 1537 860 et
1558 838 1668 860 rocham
1696 838 1728 860 de
1755 837 1918 868 Clagnano;
1948 839 1975 861 et

1083 888 1148 909 tunc
1175 887 1251 909 mota
1278 885 1332 908 fuit
1357 892 1455 916 guerra
1480 886 1552 908 inter
1579 886 1723 909 dominum
1750 886 1975 909 Bartholomeum

1083 936 1109 957 et
1124 941 1251 964 sequaces
1263 935 1323 957 eius
1337 941 1370 957 ex
1384 941 1447 958 una.
1461 935 1487 956 ct
1505 934 1660 964 predictum
1675 934 1820 957 dominum
1842 934 1976 957 Mai-chio-

1083 989 1144 1005 nem
1165 984 1191 1005 et
1212 982 1353 1013 predictos
1373 983 1432 1005 eius
1452 989 1581 1012 sequaces
1601 989 1633 1005 ex
1658 982 1762 1009 altera;
1783 984 1810 1005 et
1830 984 1895 1005 tunc
1917 989 1975 1013 pre>

1082 1030 1174 1053 dictus
1188 1029 1257 1060 Azo,
1279 1030 1352 1061 quod
1373 1030 1405 1053 de
1426 1030 1503 1053 sacili
1526 1030 1692 1054 naturaliter
1706 1031 1816 1057 accidit,
1837 1038 1897 1054 cum
1913 1038 1975 1053 con-

1083 1079 1206 1102 sortibus
1235 1079 1293 1102 suis
1314 1086 1340 1102 se
1361 1078 1471 1102 Mutina
1498 1079 1638 1109 separavit
1665 1077 1703 1109 [et
1730 1086 1757 1102 sc
1778 1078 1972 1109 concordavit]

1082 1134 1142 1149 curn
1175 1127 1308 1157 predictis
1339 1127 1371 1150 de
1408 1124 1644 1153 Montecuculo³;
1673 1134 1788 1157 quarum
1819 1128 1974 1151 novitatum

1082 1182 1164 1199 causa
1192 1176 1334 1206 predictus
1359 1175 1490 1199 dominus
1516 1175 1642 1199 Marchio
1670 1176 1858 1199 Baldassarem
1888 1175 1976 1199 filium

1083 1222 1265 1255 Guielmi[ni]
1296 1225 1328 1247 de
1361 1224 1566 1251 Montecuculo,
1594 1226 1621 1247 ct
1648 1224 1782 1248 Matteum
1808 1223 1896 1247 filiurn
1926 1224 1974 1247 Al-

1083 1266 1205 1297 bergucii
1234 1266 1266 1289 (16
1286 1266 1494 1296 Μοηῖεςυσιύο,
1516 1274 1585 1297 quos
1605 1267 1722 1290 habebat
1742 1266 1866 1289 Ferrarie
1886 1268 1912 1289 et
1939 1268 1975 1288 te-

1084 1314 1165 1337 nebat
1187 1314 1235 1337 sub
1255 1314 1308 1337 fida
1329 1315 1464 1341 custodia,
1485 1316 1643 1338 transmisit
1670 1316 1697 1337 in
1725 1321 1845 1338 carceres
1872 1315 1904 1337 ad
1934 1321 1976 1337 ro-

1083 1357 1160 1380 cham
1183 1356 1309 1388 Rodigii.

242 1442 313 1476 Dal
342 1442 515 1477 raffronto
543 1442 668 1476 risulta
695 1441 886 1476 manifesta
914 1440 1212 1487 I'indipendenza
1241 1441 1298 1475 dei
1329 1441 1397 1476 due
1432 1442 1604 1477 cronisti:
1642 1442 1666 1475 il
1702 1443 1884 1486 Bazzzmo,
1921 1447 1976 1476 te-

145 1507 266 1543 nendo
295 1515 407 1543 conto
435 1507 495 1542 del
522 1513 636 1553 punto
665 1508 700 1542 di
729 1512 912 1553 partenza,
943 1507 1023 1542 cioe
1053 1507 1151 1542 della
1178 1509 1296 1553 prima
1323 1509 1407 1554 fuga
1428 1507 1464 1542 di
1483 1508 1723 1543 Bartolomco
1744 1507 1790 1543 da
1809 1509 1976 1550 Ferrara‚

136 1573 161 1607 il
195 1574 239 1613 16
268 1575 405 1620 giugno
440 1573 549 1617 1345,
579 1573 648 1609 alla
676 1573 781 1621 quale
809 1574 911 1619 segni
940 1573 975 1608 la
1003 1572 1162 1608 seconcia
1190 1574 1274 1620 fuga
1303 1573 1404 1620 dopo
1433 1574 1527 1609 dieci
1557 1574 1647 1609 mesi
1674 1575 1735 1609 vel
1759 1574 1870 1618 circa,
1897 1574 1976 1608 cioe

143 1639 168 1674 il
198 1639 218 1674 5
249 1640 396 1686 maggio
431 1640 540 1683 1346,
569 1650 666 1684 pone
694 1639 719 1674 il
748 1639 839 1675 fatto
868 1645 965 1674 sotto
994 1639 1116 1673 l’anno
1151 1640 1246 1675 1345
1286 1651 1306 1674 e
1342 1640 1514 1674 riassume
1551 1641 1587 1674 in
1623 1640 1742 1685 poche
1780 1639 1907 1685 parole
1946 1640 1979 1673 la

144 1716 395 1751 conseguenza
424 1704 521 1740 della
549 1707 644 1751 fuga,
676 1706 741 1740 che
771 1705 807 1739 fu
835 1705 869 1739 la
897 1705 1088 1740 ribellione
1118 1705 1176 1740 del
1206 1706 1389 1751 Frignano
1417 1706 1490 1751 agli
1520 1707 1662 1740 Estensi
1691 1706 1899 1740 alimentata
1920 1705 1978 1739 dai

143 1771 225 1805 loro
252 1771 398 1816 nemici,
428 1772 438 1805 i
470 1771 670 1818 Gonzaga3
701 1772 830 1806 invece
858 1771 883 1805 il
914 1772 1075 1807 Morano
1104 1771 1241 1818 prende
1269 1772 1302 1806 16
1324 1784 1442 1807 mosse
1464 1772 1558 1806 dalla
1577 1772 1739 1807 seconda
1758 1772 1843 1817 fuga
1861 1784 1880 1807 e
1899 1783 1980 1806 rac-

143 1842 252 1872 conta
281 1837 545 1872 naturalmente
575 1838 586 1871 i
615 1837 694 1872 fatti
723 1843 821 1872 sotto
849 1837 873 1872 il
908 1837 1018 1881 1346,
1048 1837 1320 1873 distendendosi
1349 1850 1458 1884 sopra
1485 1837 1762 1884 irivolgimenti
1782 1837 1979 1883 frignanesi

147 1904 184 1937 in
213 1914 281 1938 una
301 1903 411 1949 lunga
432 1915 451 1938 e
481 1903 825 1950 particolareggiata
854 1904 1077 1948 narraaione,
1099 1904 1164 1939 che
1184 1906 1295 1950 passo
1314 1905 1407 1939 nella
1426 1909 1590 1939 sostanza
1611 1915 1673 1938 sua
1693 1903 1750 1938 nel
1775 1903 1978 1938 Chronicon

143 1968 359 2017 Frignam’:
388 1981 448 2004 ma
476 1975 638 2015 appunto
666 1974 797 2015 questo
826 1970 1018 2016 passaggio
1047 1971 1081 2004 ci
1111 1978 1281 2005 conserite
1310 1970 1345 2004 di
1373 1975 1497 2005 trovar
1525 1970 1585 2016 qui
1614 1970 1649 2005 la
1677 1970 1864 2004 conferma
1885 1969 1982 2004 della

144 2035 323 2071 esistenza
351 2036 388 2070 di
416 2036 569 2082 qualche
599 2035 691 2069 libro
720 2035 756 2069 di
785 2035 999 2070 ricordanze
1028 2036 1215 2071 modenesi
1247 2036 1304 2070 cui
1324 2036 1561 2081 attingevano
1581 2035 1604 2069 il
1624 2035 1792 2070 Bazzano
1812 2047 1831 2068 c
1851 2035 1875 2069 il
1894 2034 1979 2069 Mo-

141 2111 231 2134 rano
259 2113 278 2136 e
306 2101 458 2136 l'autore
487 2101 546 2135 del
580 2101 783 2136 Chronicon
812 2101 1010 2149 Fm'gnam'
1023 2113 1033 2144 ;
1053 2103 1088 2135 in
1108 2107 1237 2149 questo
1257 2102 1373 2137 infatti
1393 2101 1426 2135 la
1447 2101 1656 2136 narrazione
1676 2104 1695 2136 ὲ
1715 2102 1775 2147 pin
1796 2100 1979 2146 completa

143 2168 211 2202 che
240 2167 296 2201 nel
326 2168 496 2210 Morano,
526 2179 639 2214 segno
669 2168 736 2201 che
765 2178 825 2201 era
852 2173 943 2203 stata
971 2168 1100 2203 attinta
1129 2168 1201 2202 alla
1221 2168 1321 2202 fonte
1342 2167 1550 2213 originaria.
1607 2167 1676 2201 Del
1696 2173 1793 2202 resto
1813 2166 1907 2201 delle
1923 2178 1980 2200 re-

141 2232 271 2268 lazioni
303 2239 358 2268 tra
387 2233 420 2268 le
451 2234 631 2268 cronache
660 2234 850 2268 modenesi
879 2245 898 2267 e
928 2233 1047 2281 quella
1075 2233 1134 2268 del
1162 2234 1346 2279 Frignano
1375 2233 1495 2267 dovro
1524 2233 1696 2279 ripariare
1716 2243 1736 2266 a
1754 2245 1819 2267 suo
1841 2233 1979 2278 luog03

141 2311 161 2334 e
190 2299 224 2332 le
252 2299 478 2334 conclusioni
508 2300 575 2333 che
603 2300 693 2333 avrb
721 2310 742 2332 a
770 2311 916 2345 esporre
946 2311 1019 2333 non
1048 2300 1331 2334 contradiranno
1360 2311 1381 2333 a
1409 2306 1548 2345 quanto
1585 2300 1633 2333 ho
1671 2299 1730 2346 qui
1769 2299 1972 2333 affermato.

229 2365 400 2411 Rispetto
428 2365 653 2410 all'impresa
673 2364 732 2398 dei
753 2364 948 2400 Modenesi
977 2370 1111 2406 contro
1137 2366 1300 2399 Rubiera
1328 2366 1339 2399 i
1369 2365 1438 2400 due
1468 2366 1549 2400 testi
1578 2366 1654 2399 cosi
1684 2375 1872 2400 suonano:

494 2468 683 2500 BAZZANo:

230 2540 283 2564 Die
304 2542 401 2564 martis
422 2541 471 2572 xiij
494 2540 657 2570 septembris
677 2540 797 2571 populus
817 2540 917 2563 Portae
937 2540 1030 2563 Sancti

143 2589 217 2613 Petri
239 2590 365 2613 civitatis
385 2589 510 2612 Mutinae
525 2596 584 2611 cum
599 2588 808 2618 guastatoribus
821 2590 847 2611 et
862 2587 1035 2613 Teutonicis.

143 2639 280 2662 existente
294 2645 388 2662 eorum
400 2637 467 2661 duce
479 2636 621 2660 Guliehno
635 2637 667 2659 de
679 2635 871 2667 Rangonibus‚
883 2638 993 2660 iverunt
1006 2638 1034 2660 in

231 2736 240 2753 ¹
259 2737 409 2762 S’intenda
429 2738 503 2762 della
523 2741 621 2762 contea
642 2739 668 2761 (11
691 2737 838 2762 Gombola.

231 2778 241 2794 ²
251 2779 274 2803 11
284 2787 365 2810 passo
379 2778 393 2803 'e
404 2782 570 2803 certamente
581 2784 695 2809 guasto:
710 2778 765 2810 pub
782 2781 808 2802 in
821 2781 936 2811 qualche
949 2781 1031 2803 modo

142 2829 215 2845 esser
235 2824 334 2845 sanato
354 2822 395 2844 col
418 2822 570 2845 confronto
590 2822 632 2845 dcl
657 2822 800 2846 chronicon
823 2823 966 2853 l-'rQrmwA
988 2822 1030 2845 nel

143 2864 223 2894 quale
243 2864 318 2894 dopo
341 2864 360 2886 il
383 2866 514 2886 ran-outo
535 2864 578 2886 del
601 2863 673 2886 fatto
695 2864 858 2894 precedente
879 2865 905 2886 di
928 2864 1032 2887 Prima-

143 2905 234 2928 diccio
249 2906 270 2928 si
294 2905 384 2936 legge:
407 2904 419 2916 ¹‘
432 2904 588 2935 Eodemque
609 2907 732 2936 tempore
747 2905 911 2928 Bonifatius
925 2907 951 2928 ct
966 2905 1034 2929 Cor-

146 2946 159 2959 “
171 2947 261 2970 tisilia
282 2948 408 2978 superius
429 2947 565 2970 nominati
583 2954 642 2969 cum
660 2947 822 2977 sequacibus
837 2947 894 2970 suis
915 2950 1034 2970 castrum

1438 2483 1617 2514 Monimo:

1176 2541 1229 2563 Dic
1250 2542 1346 2564 martis
1368 2542 1418 2573 xiij
1441 2541 1604 2571 septembris
1624 2540 1744 2571 populus
1764 2539 1865 2563 Portae
1884 2540 1979 2563 Sancti

1090 2589 1163 2611 Petri
1193 2589 1224 2611 dc

1090 2638 1227 2661 existente
1250 2645 1344 2660 eorum
1370 2639 1517 2668 capitaneo
1544 2636 1706 2660 Guielmino
1731 2638 1763 2660 dc
1789 2637 1981 2668 Rangonibus.

1259 2589 1369 2612 Mutina
1403 2596 1463 2612 cum
1495 2588 1704 2619 guastatoribus
1733 2591 1759 2611 et
1788 2588 1980 2615 Theutonicis,

1085 2739 1097 2751 “
1110 2739 1204 2763 Gaiati
1221 2743 1248 2762 ct
1263 2747 1370 2762 roccam
1386 2739 1418 2762 (16
1434 2738 1580 2769 Clagnano
1603 2739 1746 2762 hostiliter
1760 2739 1941 2762 intraverunt
1955 2756 1978 2768 „,

1173 2779 1183 2794 ³
1205 2781 1434 2810 L’integrazionc
1460 2779 1474 2804 'e
1502 2782 1642 2811 suggerita
1672 2781 1716 2804 dal
1750 2781 1892 2803 Chrom'con
1920 2781 1980 2803 Fri·

1084 2823 1178 2852 gmmi,
1200 2823 1248 2845 che
1269 2823 1418 2845 continua:
1439 2824 1451 2836 “
1464 2822 1497 2845 Et
1513 2824 1579 2845 tunc
1594 2823 1736 2853 predictus
1749 2822 1811 2845 Azo
1826 2823 1858 2845 de
1873 2823 1979 2853 Aprica

1089 2863 1174 2887 “cum
1197 2865 1330 2887 fratribus
1351 2865 1415 2889 suis.
1437 2868 1576 2894 tamquam
1597 2865 1778 2895 ghibellinus,
1794 2872 1820 2887 se
1841 2872 1901 2887 cum
1918 2872 1976 2895 pre·
2011 2869 2041 2885 10

1088 2906 1196 2928 “dictis
1219 2906 1361 2928 nobilibus
1381 2906 1413 2928 dc
1435 2906 1530 2929 Monte
1557 2904 1665 2929 Cuculo
1692 2907 1883 2933 concordavit,
1911 2908 1979 2929 tam-

1093 2952 1103 2959 “
1116 2955 1196 2979 quam
1218 2948 1249 2970 (16
1270 2955 1324 2970 unu
1345 2954 1438 2970 corum
1461 2950 1537 2979 parte
1559 2949 1716 2981 antiquitus
1729 2965 1750 2974 „.
