2423 3561
57 790 96 821 10

61 1035 99 1067 15

59 1278 102 1309 20

61 1519 102 1551 25

57 1763 103 1794 30

55 1994 97 2027 35

48 2237 90 2268 40

49 2464 90 2496 45

59 2710 100 2743 50

828 204 883 241 IN
885 202 1195 240 TRODUZION
1197 204 1230 240 E

130 278 1044 288 .....................................................................................................

469 337 644 370 ΒΑΖΖΑκο
653 349 661 369 ;

121 416 324 440 campanarum.
345 411 372 432 et
391 416 453 432 cum
473 409 571 433 multis
591 409 656 433 aliis
675 410 794 433 instrum
803 410 877 433 entis
897 410 1020 433 sonanti-

121 458 180 485 bus,
199 459 311 482 iverunt
331 457 442 481 obviam
463 459 516 488 ipsi
537 457 606 488 Regi
629 465 713 488 usque
728 459 760 481 ad
781 457 880 481 flumen
893 457 1017 483 Siculae:

123 506 160 529 ibi
181 506 269 529 eidem
294 505 363 537 Regi
390 506 504 530 traditis
530 506 656 530 clavibus
681 507 808 530 civitatis
836 505 963 529 Mutinae
990 506 1018 528 in

121 554 198 578 dicto
217 553 330 577 flumine
350 555 410 577 sive
429 554 507 584 glara
527 555 595 577 dicti
611 554 735 578 fluminis
749 562 796 586 per
818 554 927 578 nobiles
944 555 1021 577 viros

122 600 295 633 [Guidonem
308 602 346 633 et]
361 601 539 626 Manfredum
551 601 703 634 [vicarios]
716 604 804 633 ipsius
817 602 902 633 Regis
914 603 942 625 in
955 603 1021 625 civi-

122 653 180 674 tate
198 650 339 679 Mutinae:
359 652 387 674 et
407 650 454 674 die
473 650 555 674 lunae
575 652 702 682 seguenti
723 651 852 675 homines
865 651 979 675 Artium
993 658 1021 674 se

123 701 367 731 congregaverunt
387 700 417 723 in
439 700 542 723 maiori
556 700 674 723 ecelesia
690 699 819 724 Mutinae
833 700 1021 723 exclamantes

124 751 152 772 et
171 750 296 780 petentes
317 755 378 772 cum
394 749 487 772 furore
508 748 649 772 vicarium
672 749 810 772 forensem
830 750 870 772 eis
890 749 949 772 dari
971 755 1019 780 per

127 798 232 821 dictum
246 796 358 828 Regem,
373 797 493 821 elevatis
507 798 634 829 caputeis
646 804 743 820 eorum
753 798 786 820 de
801 797 941 828 capitibus
954 798 1019 823 suis,

135 853 204 877 quae
217 846 313 869 omnia
327 848 459 876 tanquam
479 845 598 876 puerilia
614 846 641 868 in
657 846 825 868 derisionem
841 846 1022 869 transierunt.

214 1714 250 1738 Et
268 1716 336 1738 tunc
355 1714 432 1738 <litto
451 1716 575 1745 tempore
589 1714 634 1737 die
647 1712 734 1745 [iovis
749 1715 820 1747 xviij
836 1713 946 1746 aprilis]
963 1713 1024 1737 Rex

127 1763 246 1787 tradidit
256 1763 372 1787 domino
384 1763 532 1787 Manfredo
546 1764 578 1787 de
590 1763 649 1787 Piis
660 1770 765 1787 merum
777 1762 827 1795 [et]
841 1764 960 1787 mixtum
973 1764 1021 1786 im-

126 1813 234 1843 perium
253 1811 305 1844 [et]
325 1812 413 1843 gladii
429 1814 594 1844 potestatem
616 1813 698 1835 castri
720 1812 805 1843 Carpi
827 1811 876 1844 [et]
896 1813 1021 1836 omnium

126 1861 355 1885 iurisdictionum
376 1862 466 1893 ipsius
484 1863 511 1885 et
531 1862 635 1885 curiam
649 1861 682 1884 de
696 1860 789 1892 Carpo
809 1863 836 1885 et
849 1868 950 1892 pascua
971 1860 1022 1893 ςυ-

125 1910 274 1941 mignolae.

213 1957 292 1982 Tunc
312 1961 407 1990 aperta
425 1961 453 1983 et
472 1959 626 1983 dismurata
648 1959 702 1983 suit
722 1961 803 1991 porta
816 1958 930 1992 Saliceti
947 1960 1020 1983 etita

125 2010 221 2037 aperta
241 2010 267 2031 et
284 2008 340 2031 siue
359 2008 439 2031 ianua
457 2009 532 2032 stetit
545 2009 640 2038 plures
659 2008 715 2032 dies
734 2011 874 2039 noctesque,
896 2008 935 2032 ita
954 2010 1023 2039 quod

126 2055 208 2078 libere
226 2063 313 2080 omnes
331 2057 362 2080 de
375 2057 419 2080 die
431 2065 463 2080 ac
476 2058 508 2080 de
520 2061 593 2081 nocte
601 2060 729 2087 poterant
747 2057 852 2080 intrare
865 2060 891 2080 et
904 2057 974 2080 exire
988 2058 1020 2080 de

126 2104 255 2134 civitate,·
275 2112 343 2136 quae
363 2107 444 2130 antea
464 2107 523 2129 etat
543 2107 651 2130 murata
671 2113 719 2138 per
738 2106 832 2138 plures
851 2114 948 2130 annos.

213 2513 249 2537 Et
261 2514 357 2538 eodem
377 2514 422 2538 die
442 2514 586 2538 dominum
607 2513 766 2538 Guidonem
781 2516 813 2539 de
827 2516 886 2539 Piis
899 2516 1017 2540 militari

127 2562 241 2594 cingulo
261 2563 412 2586 decoravit.

213 2659 249 2686 Et
269 2660 345 2683 dicto
368 2660 413 2683 die
440 2661 514 2684 iovis
541 2662 612 2694 xviij
640 2661 739 2692 aprilis
767 2663 938 2693 proclamata
966 2663 1021 2687 fuit

126 2715 181 2739 pax
202 2709 275 2732 inter
293 2709 398 2732 dictum
419 2709 563 2732 dominum
583 2709 685 2740 Regem
713 2712 740 2733 et
765 2711 909 2734 dominum
936 2711 1020 2742 Lega-

127 2757 185 2779 tum
206 2755 353 2780 Ecclesiae.
894 2755 897 2757 ’

214 2910 220 2926 ¹
242 2909 348 2938 Questo
369 2919 450 2944 passo
469 2911 484 2936 e
497 2913 542 2937 dal
557 2912 678 2937 Morano
691 2916 805 2946 portato
819 2915 849 2939 ln
863 2915 925 2943 fine,
945 2916 1019 2948 dopo

127 2961 193 2978 aver
213 2955 290 2980 detto
310 2957 359 2980 che
381 2957 401 2980 il
429 2964 456 2980 re
476 2955 622 2981 Giovanni
648 2956 724 2989 part}
749 2959 772 2982 ll
798 2966 830 2991 ²3
857 2960 946 2992 aprile
971 2967 1020 2992 per

1428 338 1592 370 MoRANo
1602 348 1609 368 :

1074 409 1217 440 triumpho
1238 411 1361 433 maximo
1380 410 1508 433 tubarum
1528 412 1556 432 et
1570 416 1767 440 campanarum
1780 410 1882 431 etcum
1902 407 1969 430 mul-

1074 459 1111 481 tis
1131 458 1197 481 aliis
1217 459 1412 482 instrumentis
1431 459 1609 488 choreizando,
1625 458 1742 481 euntibus
1761 457 1873 480 obviam
1893 457 1970 479 dicto

1074 505 1143 536 Regi
1165 513 1249 537 usque
1264 507 1297 530 ad
1313 506 1411 530 flumen
1432 506 1530 533 situle,
1550 507 1627 537 quasi
1644 506 1758 530 omnibus
1776 509 1862 529 sertas
1881 505 1970 528 haben-

1075 554 1141 578 tibus
1161 555 1187 578 in
1207 563 1293 578 eorum
1314 555 1449 585 capitibus,
1472 555 1523 578 sibi
1545 554 1634 578 eidem
1654 553 1723 584 Regi
1744 553 1858 577 traditis
1883 553 1971 576 clavi-

1075 604 1125 627 bus
1145 604 1271 628 civitatis
1291 604 1400 627 Mutine
1421 605 1447 626 in
1463 604 1540 626 dicto
1559 603 1671 626 flumine
1686 606 1738 632 per
1757 602 1866 625 nobilem
1883 602 1971 625 virum

1077 653 1251 685 Jllansredum
1271 654 1303 676 de
1323 653 1382 676 Piis
1410 652 1539 676 l'icarium
1561 652 1650 682 ipsius
1669 652 1776 674 domini
1791 650 1877 681 Regis
1891 651 1919 673 in
1935 651 1971 673 ci-

1077 703 1164 725 vitate
1183 702 1286 727 eadem.
1307 702 1371 731 ipsis
1390 701 1573 732 ignorantibus
1591 701 1655 731 quid
1678 701 1832 729 clamarent,
1859 700 1971 723 claman-

1076 751 1159 774 tibus:
1187 751 1359 774 ‘Moriuntur
1380 750 1498 781 gabelle,
1525 749 1609 774 datia.
1632 750 1727 773 colecte
1754 752 1780 772 et
1803 748 1970 779 gravamina

1076 800 1221 823 um'versa’
1240 800 1267 822 et
1282 799 1476 829 postulantibus
1501 798 1552 821 sibi
1576 798 1609 821 ab
1635 798 1698 828 ipso
1723 797 1797 828 Rege
1827 797 1969 820 vicarium

1079 848 1215 871 forensem
1235 848 1359 871 constitui
1377 847 1402 870 in
1422 847 1534 870 civitate
1553 847 1642 870 eadem
1664 847 1690 869 et
1705 845 1760 869 alia
1774 845 1895 876 plurima
1909 852 1971 876 pue-

1077 896 1140 919 rilia
1154 896 1301 928 sact'endo‚·
1327 903 1433 926 quorum
1459 895 1646 918 Mutinensium
1665 894 1726 926 filii
1749 895 1786 918 ad
1809 894 1905 918 dictum
1930 902 1972 917 ru-

1076 952 1171 967 morem
1192 948 1218 967 et
1228 944 1329 976 surore
1355 943 1463 967 maximo
1489 943 1637 967 inciderunt
1654 951 1739 967 omnes
1759 943 1867 966 arbores
1891 942 1972 966 cuius·

1076 994 1136 1016 dam
1146 993 1218 1023 petie
1239 996 1312 1016 terre
1320 993 1408 1022 posite
1426 993 1453 1015 in
1471 992 1556 1023 burgo
1579 991 1707 1015 Cilanove
1720 991 1801 1015 Petri
1811 991 1923 1014 Antonii
1940 991 1972 1014 de

1076 1042 1232 1072 Dragettis,
1249 1041 1293 1071 qui
1305 1041 1404 1064 dicitur
1418 1040 1606 1072 Scanagelfus,
1622 1040 1862 1070 recumpensatione
1875 1047 1970 1065 eorum,

1075 1083 1145 1114 quod
1163 1084 1230 1106 idem
1251 1082 1433 1114 Scanagelfus
1447 1083 1537 1113 gessit
1554 1082 1581 1104 in
1600 1090 1644 1105 suo
1663 1081 1755 1113 officio,
1773 1082 1810 1105 ad
1827 1081 1896 1111 quod
1913 1084 1973 1103 erat

1077 1133 1114 1155 ati
1132 1132 1287 1163 exigendum
1302 1135 1354 1162 pro
1373 1132 1474 1155 comuni
1493 1131 1596 1154 lllutiue
1621 1132 1710 1160 colias,
1739 1130 1970 1159 condemnationes,

1077 1182 1187 1204 mulctas
1214 1184 1239 1204 et
1257 1181 1313 1203 alia
1330 1180 1497 1211 gravamina
1517 1180 1651 1209 universa,
1672 1187 1717 1202 nec
1743 1187 1790 1202 non
1817 1179 1921 1202 vineam
1947 1182 1973 1201 et

1075 1230 1180 1253 bladum
1201 1232 1259 1252 tnnc
1279 1229 1416 1252 existentes
1435 1229 1461 1251 iu
1480 1228 1538 1258 ip5a
1553 1228 1629 1258 petia
1645 1231 1717 1251 terre
1732 1227 1875 1251 evellentes
1890 1230 1915 1249 et
1928 1227 1971 1249 de-

1075 1281 1206 1301 struentes
1224 1278 1250 1300 in
1270 1280 1350 1300 totum
1371 1280 1397 1300 et
1414 1277 1551 1300 clamando
1572 1279 1625 1305 per
1650 1275 1787 1299 civitatem
1816 1274 1822 1286 ⁴
1834 1274 1971 1298 Moriatur

1078 1326 1259 1358 Scanagelsus
1271 1327 1278 1338 '
1299 1329 1325 1349 et
1337 1325 1390 1349 nisi
1406 1326 1474 1355 quod
1489 1325 1576 1354 latuit,
1599 1325 1705 1348 eundem
1725 1323 1929 1356 interfecissent.
1949 1323 1974 1346 si

1076 1384 1132 1398 eum
1151 1375 1315 1398 invenissent.
1352 1374 1406 1397 Die
1426 1375 1517 1397 autem
1538 1373 1602 1397 lune
1620 1373 1745 1404 seguenti
1765 1372 1893 1395 homines
1919 1370 1972 1394 Ar-

1076 1423 1148 1447 tium
1161 1431 1190 1447 se
1203 1424 1445 1455 congregaverunt
1458 1422 1487 1446 in
1501 1421 1625 1445 Ecclesia
1640 1421 1743 1445 maiori
1756 1421 1782 1444 in
1795 1429 1846 1451 qua
1865 1427 1972 1451 congre-

1073 1473 1186 1503 gatione
1198 1472 1315 1504 fuerunt
1332 1472 1405 1495 ultra
1418 1470 1633 1501 quamduomillia
1652 1470 1764 1494 homines
1786 1473 1818 1499 et,
1834 1469 1899 1499 ipsis
1918 1476 1972 1492 con-

1073 1521 1211 1552 gregatis,
1240 1524 1368 1544 venerunt
1393 1519 1418 1543 in
1439 1520 1535 1550 platea
1561 1519 1598 1543 sic
1625 1519 1821 1545 exclamantes,
1847 1518 1972 1548 caputeis

1076 1571 1202 1596 elevatis.
1222 1572 1250 1594 et
1269 1571 1393 1602 petentes
1419 1569 1562 1592 Vicariurn
1591 1569 1727 1592 forensem
1755 1568 1806 1591 sibi
1835 1568 1894 1591 dari
1922 1574 1970 1598 per

1077 1620 1183 1642 dictum
1202 1618 1319 1649 Regem:
1341 1625 1392 1649 que
1411 1618 1506 1641 omnia
1526 1619 1658 1648 tanquam
1678 1616 1797 1648 puerilia
1812 1617 1840 1639 in
1852 1616 1966 1639 derisio-

1081 1675 1141 1691 nem
1162 1675 1290 1691 conversa
1303 1667 1426 1698 suerunt.

1165 1714 1207 1740 ¹..
1221 1717 1280 1739 ..et
1300 1717 1447 1745 antequam
1467 1714 1619 1738 discederet
1634 1713 1713 1745 plura
1728 1714 1881 1738 concessit:
1903 1719 1965 1735 nam

1076 1765 1195 1788 tradidit
1215 1771 1317 1787 merum
1339 1766 1365 1786 et
1386 1764 1504 1786 mixtum
1526 1763 1672 1793 imperium
1685 1763 1713 1785 et
1731 1761 1819 1792 gladii
1847 1762 1967 1792 potesta-

1076 1816 1131 1837 tem
1152 1814 1234 1837 castri
1256 1812 1340 1843 Carpi
1361 1814 1388 1835 et
1407 1812 1532 1834 omnium
1547 1811 1776 1834 iurisdictionum
1791 1810 1880 1841 ipsius
1895 1809 1969 1832 Man-

1078 1863 1155 1886 fredo
1175 1862 1208 1885 de
1227 1861 1286 1884 Piis
1305 1863 1331 1884 et
1351 1867 1483 1892 pascuum
1508 1859 1675 1890 Zimignole.

1162 1959 1196 1982 Et
1221 1962 1287 1982 tunc
1315 1960 1409 1989 aperta
1436 1957 1491 1980 fuit
1516 1958 1542 1980 et
1568 1957 1720 1980 dismurata
1749 1957 1830 1987 porta
1849 1954 1963 1978 Saliceti

1073 2016 1125 2040 que
1145 2010 1226 2032 antea
1248 2008 1336 2031 fuerat
1357 2007 1463 2030 murata
1484 2012 1532 2036 per
1551 2005 1644 2036 plures
1665 2011 1761 2028 annos.

1160 2177 1195 2201 Et
1209 2177 1253 2201 die
1267 2177 1365 2200 martis
1378 2174 1423 2206 [τό
1434 2173 1534 2206 aprile]
1548 2173 1690 2206 predictus
1703 2172 1764 2196 Rex
1779 2174 1832 2197 ivit
1847 2173 1880 2196 ad
1900 2180 1964 2204 par.

1074 2228 1226 2251 lamentum
1246 2233 1307 2249 cum
1328 2225 1432 2255 Legato
1452 2223 1574 2247 Ecclesie
1595 2223 1628 2247 ad
1642 2221 1772 2246 Castrum
1785 2221 1922 2245 Francum
1937 2224 1965 2245 et

1073 2278 1140 2300 tunc
1171 2282 1267 2299 omnes
1302 2274 1410 2297 nobiles
1439 2273 1589 2296 extrinseci
1622 2272 1792 2295 mutinenses
1825 2272 1960 2294 venerunt

1079 2325 1191 2348 obviam
1211 2324 1288 2347 dicto
1308 2322 1377 2353 Regi
1398 2323 1425 2345 et
1445 2321 1642 2345 descendentes
1661 2320 1739 2350 equis
1759 2320 1812 2350 ipsi
1833 2318 1902 2350 Regi
1929 2326 1971 2350 ge-

1073 2373 1155 2396 nibus
1174 2372 1252 2395 flexis
1266 2371 1434 2395 detulerunt.
1472 2369 1507 2392 Et
1527 2369 1651 2400 sequenti
1672 2368 1717 2391 die
1731 2368 1859 2390 mercurii
1875 2367 1967 2390 dictus

1072 2421 1133 2445 Rex
1154 2422 1254 2444 iterum
1275 2420 1328 2442 ivit
1348 2419 1381 2442 ad
1402 2418 1605 2449 parlamentum
1619 2423 1680 2440 cum
1695 2416 1771 2439 dicto
1785 2415 1902 2439 domino
1917 2415 1965 2438 Le-

1073 2471 1141 2500 gato
1161 2469 1194 2492 ad
1216 2472 1316 2501 terram
1336 2467 1486 2493 Plumatii;

1073 2520 1100 2541 et
1120 2517 1164 2541 die
1185 2518 1259 2540 iovis
1278 2517 1402 2547 sequenti
1425 2515 1508 2538 rediit
1528 2516 1555 2537 et
1582 2514 1697 2537 militari
1725 2513 1840 2544 cingulo
1859 2513 1970 2537 decora-

1076 2567 1118 2589 vit
1137 2566 1281 2589 dominum
1301 2563 1460 2588 Guidonem
1480 2563 1512 2586 de
1532 2562 1592 2586 Plis
1604 2565 1683 2592 super
1696 2562 1880 2592 circumspatio
1891 2562 1971 2585 maio-

1076 2616 1115 2638 ris
1136 2614 1243 2638 ecclesie
1262 2613 1374 2637 Mutine.

1163 2662 1198 2686 Et
1218 2663 1292 2686 dicta
1312 2658 1360 2685 (lie
1377 2661 1403 2684 in
1423 2668 1496 2684 mane
1510 2660 1616 2683 crr'data
1631 2659 1685 2682 fuit
1699 2666 1754 2690 pax
1767 2659 1794 2682 in
1808 2659 1879 2683 dicta
1894 2662 1968 2682 terra

1079 2712 1211 2736 Plumatii
1229 2712 1302 2734 inter
1322 2710 1466 2733 dominum
1486 2708 1588 2739 Regem
1607 2709 1635 2732 et
1653 2708 1798 2731 dominum
1827 2707 1971 2738 Legatum.

1074 2916 1184 2947 Reggio
1203 2923 1216 2938 e
1237 2915 1344 2939 Parma.
