2423 3561
791 380 980 412 Bazzmo:

435 456 586 478 exercitum
614 454 645 477 ad
667 455 786 477 castrum
807 453 962 477 Hei-beriae.
982 453 1209 475 castrametantes
1231 450 1267 472 ibi
1290 451 1328 482 vij

436 504 540 528 diebus,
551 503 648 526 domos
660 502 860 525 comburentes.
870 501 980 524 arbores
988 500 1170 528 cxscindcntcs,
1181 500 1276 521 vineas
1289 499 1329 521 in-

435 552 559 575 videntes
569 553 595 574 et
610 550 709 574 damna
725 550 846 573 maxima
859 549 1018 572 inserentes.
1056 548 1109 571 Die
1123 548 1210 571 sabati
1227 548 1333 578 xxviiii

435 600 558 623 octobris
579 600 632 622 ivit
652 599 791 622 exercitus
811 597 1012 621 Mutinensium
1036 598 1063 619 in
1085 597 1224 619 obsessum
1240 596 1272 619 ad
1287 603 1331 619 ca·-

435 649 522 671 strum
541 647 689 671 Herberiae
709 646 845 670 districtus
865 646 955 675 Regii,
973 646 1084 675 incepta
1100 645 1136 667 ibi
1153 644 1268 674 quadam
1285 644 1329 666 ba-

435 697 503 723 stia;
523 696 568 726 qui
590 696 728 719 exercitus
751 694 910 725 pluviarum
931 696 958 716 et
984 700 1115 724 aquarum
1143 693 1330 715 inundacione

435 745 500 768 inde
522 752 548 768 se
569 744 709 775 separavit
740 743 790 765 vili
816 742 953 765 conducta
979 741 1209 765 Teutonicorum.
1235 741 1330 763 dimis-

435 794 473 816 sis
493 793 595 816 ibidem
617 792 749 815 vestibus,
771 792 888 814 arnesiis
911 792 937 813 et
963 790 1028 813 aliis
1054 790 1086 813 ad
1106 790 1258 812 exercitum
1286 796 1330 811 ne-

435 842 570 867 cessariis,
591 841 706 864 dimissis
727 840 805 863 etiam
826 839 953 868 curribus,
976 839 1046 869 equis
1066 842 1091 862 et
1116 838 1179 861 aliis
1205 838 1279 861 rebus
1305 837 1331 860 in

434 891 545 914 maxima
564 890 729 921 qnantz'tate;
750 892 775 911 ct
797 891 875 912 erant
900 888 930 911 de
953 888 1050 917 populo
1076 887 1198 910 Mutinae
1220 886 1332 909 homines

434 940 535 963 Portae
555 938 680 962 Albareti
692 936 746 969 [ct]
762 937 921 966 Bapuariae,
936 936 981 967 qui
994 939 1114 959 verentes
1132 936 1206 959 ibant
1224 935 1250 958 in
1271 936 1332 959 mul—

434 988 468 1011 tis
487 988 549 1011 locis
569 995 646 1018 usque
665 987 702 1010 ad
716 994 807 1017 genna
824 985 938 1015 pluendo
946 984 1071 1016 fortiter.
1109 982 1163 1010 Qui
1179 983 1329 1007 Teutonici

435 1038 463 1059 in
478 1038 557 1059 tanta
572 1037 662 1065 strage
676 1035 832 1058 extiterunt
846 1034 918 1064 quod
934 1033 1034 1056 mulier
1048 1040 1102 1056 una
1123 1033 1182 1056 sola
1202 1033 1234 1055 de
1254 1033 1331 1055 dieto

434 1087 525 1108 castro
551 1084 698 1107 Herberiae
718 1083 814 1106 exiens
833 1083 889 1106 sola
916 1089 976 1105 cum
1000 1081 1064 1105 aliis
1084 1081 1117 1104 de
1137 1081 1213 1104 dicto
1240 1083 1331 1104 castro

434 1132 662 1162 adpraedandum
677 1131 828 1154 exercitum
844 1130 1014 1153 recedentem
1031 1137 1045 1152 a
1065 1129 1142 1152 dicto
1156 1131 1255 1153 castro.
1271 1136 1329 1151 cum

434 1189 491 1204 uno
503 1181 611 1204 forcato
623 1181 744 1211 quinque
757 1185 790 1202 ex
801 1179 885 1202 dictis
896 1178 1062 1201 Tcutonicis
1074 1179 1189 1201 armatis
1199 1178 1293 1208 coepit
1305 1180 1331 1200 et

435 1239 476 1253 eos
496 1230 632 1253 conduxit
652 1229 681 1251 in
701 1228 777 1251 dicto
797 1230 888 1251 castro
911 1227 1061 1251 Herberiac
1080 1227 1262 1257 percutiendo
1286 1234 1332 1249 eos

1147 251 1202 286 IN
1204 250 1237 284 T
1241 248 1551 285 RODUZIONE

1740 378 1903 410 Monumo
1916 389 1923 408 :

1387 451 1497 473 iverunt
1525 451 1551 472 in
1579 451 1730 473 exercitum
1757 450 1789 473 ad
1817 452 1935 473 castrum
1960 449 2108 473 Hcriberic.
2131 450 2274 471 castrame-

1385 500 1477 521 tantos
1497 498 1590 521 ibidem
1613 500 1650 530 vij
1678 498 1782 523 diebus„
1808 498 1902 521 ihid-m
1926 506 1941 520 a
1970 498 2052 521 vallis
2079 500 2151 520 extra
2178 496 2276 519 domos

1386 547 1578 569 comburentes
1598 550 1623 569 et
1641 547 1811 575 destruentes,
1833 546 1944 568 arbores
1963 547 1989 568 et
2010 546 2106 568 vineas
2127 544 2276 567 incidendo

1385 597 1411 618 et
1426 595 1526 618 damna
1539 596 1658 618 maxima
1674 595 1833 618 inserentes.
1846 613 1850 617 .
1863 613 1868 617 .
1881 613 1886 617 .
1919 594 1971 616 Die
1983 594 2070 617 sabati
2084 593 2187 624 xxviiij
2200 594 2275 615 octo·

1386 644 1443 666 bris
1454 644 1506 666 ivit
1514 644 1652 666 exercitus
1662 643 1770 666 Mutine
1778 643 1874 666 circum
1883 644 2004 666 castrum
2016 642 2156 665 Herihcric
2167 642 2277 671 incepta

1387 692 1490 714 ibidem
1507 692 1623 722 quadam
1638 692 1746 720 bastia3
1760 692 1805 722 qui
1821 692 1967 715 exercitus,
1982 690 2139 721 pluviarum
2154 692 2181 712 et
2196 696 2277 719 aqua-

1387 748 1445 763 rum
1468 741 1660 769 inundatione,
1682 740 1745 763 inde
1760 747 1786 763 se
1807 740 1954 770 separavit,
1970 739 2020 762 vili
2036 739 2173 762 conducta
2188 737 2278 761 Theu-

1385 789 1553 813 tonicorum.
1569 789 1693 811 dimissis
1708 788 1809 811 ibidem
1831 788 1962 813 vestibus.
1983 788 2099 811 arnesiis
2119 788 2145 810 et
2165 786 2230 810 aliis
2243 786 2277 810 ad

1386 838 1538 860 exercitum
1560 837 1730 860 necessariis.

1474 982 1528 1010 Qui
1559 982 1727 1006 Theutonici
1757 983 1784 1004 in
1815 984 1893 1004 tanta
1914 983 2004 1012 strage
2024 982 2186 1007 extiterunt.
2206 981 2279 1011 quod

1387 1033 1486 1055 mulier
1507 1039 1561 1055 una
1581 1031 1640 1055 sola
1659 1031 1692 1054 de
1712 1031 1788 1054 dicto
1813 1032 1904 1053 castro
1931 1030 2072 1053 Heriberic
2097 1031 2192 1053 exiens
2219 1037 2279 1053 cum

1387 1081 1452 1104 aliis
1472 1081 1504 1104 de
1524 1081 1600 1103 dicto
1620 1082 1711 1103 castro
1725 1079 1929 1109 depredandum
1951 1079 2102 1101 exercitum
2122 1078 2219 1101 ct'rcum
2241 1078 2280 1101 di-

1386 1133 1453 1153 ctum
1483 1132 1596 1152 castrum
1624 1132 1759 1152 cm‘antmu⁴
1786 1134 1846 1150 cum
1876 1134 1932 1150 uuo
1959 1127 2066 1150 forcato
2095 1128 2217 1158 quinque
2247 1134 2280 1151 cx

1386 1179 1470 1202 dictis
1490 1178 1676 1200 Theutonicis
1697 1177 1811 1199 armatis
1830 1176 1903 1206 cepit
1924 1177 1950 1198 et
1973 1177 2109 1199 conduxit
2135 1177 2162 1199 in
2191 1179 2281 1201 castro

1387 1228 1512 1258 predicto
1523 1226 1634 1249 eosdem
1649 1233 1710 1248 curn
1724 1225 1802 1248 dicto
1816 1224 1923 1247 forcato
1938 1225 2134 1254 percutiend03
2147 1227 2192 1256 qui
2205 1233 2281 1249 exer-

434 1286 495 1302 curn
516 1279 593 1301 dicto
615 1278 730 1300 sorcato.
767 1275 822 1304 Qui
843 1277 981 1299 exercitus
998 1276 1061 1299 inde
1082 1283 1108 1299 se
1131 1276 1271 1306 separavit
1288 1276 1332 1299 die

437 1328 479 1359 iiij
501 1326 660 1351 novembris
679 1328 706 1349 et
726 1325 863 1349 Mutinam
885 1325 976 1348 rediit.

525 1434 655 1469 Anche
685 1433 743 1480 qui
773 1434 792 1466 ὲ
822 1432 1012 1467 manifesta
1043 1431 1076 1466 la
1105 1432 1340 1467 derivazione
1370 1432 1416 1466 da
1447 1443 1515 1465 una
1543 1431 1643 1464 fonte
1673 1441 1840 1471 comune,
1868 1428 1964 1462 della
2001 1429 2106 1475 quale
2135 1430 2158 1464 il
2187 1431 2280 1465 Baz-

438 1512 532 1534 zano
560 1500 605 1534 ha
636 1505 855 1534 conservato
885 1497 907 1531 il
936 1502 1114 1533 raceonto
1143 1497 1236 1532 nella
1264 1510 1329 1533 sua
1358 1498 1540 1543 integritii,
1570 1500 1710 1531 mentre
1739 1495 1763 1529 il
1793 1495 1952 1530 Morano
1981 1495 2109 1540 omise,
2148 1497 2204 1531 chi
2241 1509 2279 1532 sa

437 1578 502 1611 per
530 1565 626 1613 quali
655 1564 810 1609 ragioni‚
840 1564 863 1597 il
893 1563 1114 1609 particolare
1143 1564 1209 1598 che
1238 1563 1273 1597 al
1301 1564 1481 1610 quartiere
1511 1562 1546 1597 di
1576 1564 1648 1597 Por
1677 1562 1749 1596 San
1778 1561 1914 1604 Pietro,
1935 1561 2068 1606 partito
2087 1561 2170 1596 solo
2191 1562 2279 1609 dap-

434 1632 552 1677 prima
581 1643 644 1676 per
673 1630 706 1664 13
733 1629 956 1677 spedizione‚
987 1629 1014 1663 si
1047 1630 1201 1664 unirono
1230 1630 1291 1675 poi
1321 1630 1370 1676 gli
1399 1630 1550 1664 abitanti
1580 1628 1639 1663 dei
1669 1627 1845 1674 quartieri
1879 1626 1914 1660 di
1953 1633 2058 1672 porta
2089 1628 2275 1664 Albareto

439 1711 458 1733 e
488 1697 524 1731 di
554 1702 659 1742 porta
687 1697 932 1741 Baggiovara:
964 1708 984 1730 e
1015 1695 1072 1729 nel
1108 1696 1277 1731 Bazzano
1306 1697 1325 1729 ὲ
1354 1701 1567 1730 mantenuta
1595 1693 1630 1728 la
1660 1695 1779 1728 forma
1812 1692 2046 1728 medioevale
2075 1693 2133 1728 del
2163 1701 2271 1740 topo-

2205 1760 2274 1795 Per

432 1830 455 1863 il
484 1830 579 1864 1346
599 1829 635 1864 vi
656 1832 675 1864 ὲ
696 1839 766 1863 una
783 1839 872 1874 gran
892 1827 1114 1873 divergenza
1133 1833 1188 1861 tra
1207 1827 1240 1861 le
1263 1827 1333 1862 due
1354 1828 1553 1862 cronache:
1577 1826 1766 1861 cntrambe
1787 1837 1942 1860 narrano
1963 1825 2166 1861 moltissimi
2182 1826 2273 1869 fatti,

437 1765 536 1798 nimo
567 1762 759 1801 Herberia'
791 1768 921 1796 contro
951 1762 984 1797 13
1013 1763 1074 1809 piu
1103 1762 1319 1796 urnanistiea
1348 1762 1383 1796 di
1412 1760 1612 1796 Hem'bm'a
1645 1760 1847 1805 adoperata
1881 1758 1939 1794 dal
1974 1759 2148 1795 Morano.

434 1907 493 1930 ma
522 1895 556 1929 13
584 1895 644 1941 piu
672 1900 777 1941 parte
805 1894 915 1941 quelli
946 1894 1104 1928 dell’una
1132 1905 1223 1928 sono
1251 1894 1471 1928 sconosciuti
1503 1892 1666 1935 all’altra‚
1689 1903 1708 1925 e
1728 1892 1936 1935 vieeversa3
1965 1903 2033 1938 pur
2061 1903 2126 1937 per
2154 1891 2272 1926 alcuni

433 1963 544 2009 pochi
572 1962 819 1996 avvenimenti
840 1972 918 1996 esse
939 1961 967 1995 si
986 1961 1201 1995 incontrano
1230 1972 1299 1995 con
1319 1960 1445 2005 parole
1466 1960 1526 2006 piu
1548 1971 1570 1992 0
1590 1971 1700 1993 meno
1721 1958 1913 1993 conformi.
1970 1956 2157 1993 Identiche
2182 1969 2275 1992 sono

435 2028 553 2074 quelle
582 2028 648 2062 che
676 2038 829 2061 nal-rano
859 2027 893 2061 la
926 2026 1116 2061 ribellione
1147 2026 1182 2060 di
1212 2026 1397 2069 Gorzan0‚
1425 2037 1491 2071 per
1519 2025 1552 2058 la
1583 2024 1688 2072 quale
1717 2024 1727 2057 i
1758 2024 1827 2057 due
1858 2023 2007 2058 cronisti
2037 2023 2274 2058 concordano

435 2095 549 2130 anche
578 2093 671 2128 nella
699 2093 796 2137 data,
827 2094 873 2128 24
905 2093 1085 2137 febbraio‚
1115 2097 1244 2127 contro
1274 2093 1297 2126 il
1335 2091 1530 2126 Chronz'con
1557 2096 1695 2130 estense,
1727 2091 1793 2125 che
1823 2089 1981 2135 anticipa
2001 2089 2037 2123 di
2068 2101 2113 2123 un
2142 2090 2276 2135 giorno

434 2161 457 2195 il
486 2161 616 2205 fatt013
647 2171 705 2193 ma
725 2160 781 2193 nel
811 2160 980 2194 Bazzano
1008 2159 1180 2193 abbiamo
1201 2170 1248 2192 un
1276 2157 1493 2204 particolare
1514 2158 1580 2191 che
1609 2158 1641 2192 ci
1661 2158 1689 2191 si
1709 2162 1838 2192 attesta
1859 2155 1956 2190 della
1977 2161 2159 2190 esattezza
2179 2155 2276 2189 delia

434 2239 497 2262 sua
535 2227 618 2262 data
657 2225 885 2261 dicendovisi
923 2225 989 2260 che
1027 2225 1060 2259 la
1088 2224 1281 2259 ribellione
1318 2225 1355 2258 fu
1386 2224 1422 2258 in
1464 2226 1478 2242 ‘⁶'
1497 2224 1554 2258 die
1584 2224 1728 2258 veneris
1760 2249 1793 2267 „‚
1828 2221 1909 2269 quel
1939 2222 1974 2255 fu
2006 2227 2216 2256 veramente
2248 2221 2272 2255 il

436 2297 481 2328 24
521 2293 697 2328 febbraio.

435 2359 622 2394 Gombola
650 2358 779 2393 ribello
809 2358 841 2392 31
864 2359 1050 2392 marchese
1081 2357 1205 2392 d’Este
1225 2357 1250 2391 il
1271 2356 1424 2392 castello
1445 2356 1481 2390 di
1501 2355 1739 2399 Rancidoro;
1761 2365 1819 2388 ma
1838 2355 1862 2388 il
1882 2353 2040 2388 Morano
2069 2354 2275 2389 inframette

433 2433 487 2461 tra
515 2426 526 2459 i
556 2425 626 2460 due
654 2424 900 2459 avvenimenti
934 2436 980 2457 un
1010 2424 1104 2459 altro
1134 2423 1200 2457 che
1229 2422 1311 2457 dice
1349 2424 1530 2458 aceaduto
1558 2423 1583 2456 il
1613 2422 1660 2456 26
1699 2421 1876 2461 febbraio,
1907 2421 1990 2456 cioe
2021 2419 2055 2453 la
2082 2419 2276 2454 ribellione

770 2293 888 2339 Segne
919 2291 940 2325 il
977 2293 1142 2326 Bazzano
1179 2291 1360 2324 narrando
1398 2290 1463 2324 che
1492 2290 1515 2323 il
1551 2290 1670 2325 lunedi
1712 2288 1756 2325 27
1793 2288 1958 2323 febbraio
1994 2287 2199 2322 Corradino
2228 2288 2274 2322 da

435 2493 469 2526 di
500 2492 680 2527 Brandola
707 2502 898 2537 promossa
919 2490 977 2524 dai
998 2489 1073 2535 figli
1094 2488 1129 2523 di
1155 2489 1374 2531 Con-adino,
1395 2494 1535 2523 mentre
1555 2488 1686 2523 invece
1705 2487 1728 2521 il
1749 2488 1919 2522 Bazzano
1948 2491 2123 2520 racconta
2151 2490 2275 2531 questa

434 2557 624 2592 ribellione
653 2559 689 2592 di
719 2557 901 2592 Brandola
931 2567 1036 2590 come
1070 2554 1247 2589 accaduta
1277 2555 1335 2588 nel
1366 2554 1532 2588 febbraio
1563 2553 1621 2587 del
1657 2554 1771 2588 1344:
1802 2565 1875 2586 non
1906 2553 1925 2586 ὲ
1954 2551 2058 2586 facile
2086 2551 2273 2586 affermare

434 2625 492 2659 chi
521 2624 579 2659 dei
610 2623 680 2658 due
711 2623 860 2658 cronisti
889 2623 940 2656 sia
969 2621 1103 2656 caduto
1137 2621 1172 2654 in
1201 2620 1372 2664 errore23
1402 2631 1462 2654 rna
1490 2619 1537 2654 ad
1567 2620 1652 2666 ogni
1687 2618 1801 2653 modo
1830 2618 1864 2653 13
1892 2618 2113 2663 divergenza
2140 2622 2276 2652 mostra

433 2703 540 2725 come
569 2691 629 2738 qui
658 2689 691 2724 le
712 2689 783 2724 due
814 2689 993 2724 cronache
1013 2687 1225 2733 procedano
1254 2686 1520 2731 indipendenti.
1576 2686 1632 2720 La
1652 2692 1764 2720 stessa
1791 2684 2059 2730 indipendenza
2087 2689 2275 2719 mostrano

432 2757 443 2790 i
473 2758 543 2791 due
572 2758 655 2793 testi
684 2757 740 2790 nel
770 2762 946 2791 racconto
975 2754 1033 2789 del
1062 2754 1211 2799 viaggio
1231 2752 1267 2788 di
1288 2753 1430 2788 Obizzo
1459 2752 1509 2786 111
1537 2764 1557 2786 a
1587 2752 1730 2786 Milano
1758 2763 1824 2797 per
1851 2751 1904 2784 far
1928 2750 1962 2785 13
1989 2761 2080 2797 pace
2100 2761 2171 2784 con
2199 2739 2292 2784 Lu:

1387 2950 1448 2973 fatti
1472 2949 1513 2972 del
1539 2956 1603 2979 1344
1618 2955 1631 2971 e
1649 2947 1713 2979 1346
1729 2949 1862 2971 rimasero
1884 2949 1973 2977 ignoti
1990 2946 2136 2970 all‘autore
2150 2946 2193 2969 del
2210 2944 2273 2970 Clur-

1385 2991 1529 3022 Frejg‘nam':
1550 2991 1666 3014 sebbcne
1687 2996 1743 3013 non
1764 2990 1876 3012 sarehbc
1902 2988 2091 3020 improbabile
2114 2988 2162 3011 che
2182 2988 2227 3018 qui
2250 2987 2271 3010 si

1385 3033 1468 3057 abbia
1489 3033 1518 3056 in
1539 3038 1601 3056 esso
1621 3039 1676 3056 una
1698 3032 1805 3056 lacuna.

529 2951 536 2967 ¹
559 2954 623 2976 RR.
646 2954 683 2975 ll.
706 2954 764 2976 ὁδ’..
785 2953 843 2976 ΧΥ.
868 2958 925 2983 425.

525 2992 534 3008 ²
555 2994 588 3016 A}
612 2994 778 3017 Tirabos‹·hi
802 2993 910 3017 mnnrr}
932 2994 1045 3017 doversi
1067 2996 1201 3017 accettare
1223 2994 1249 3017 la
1271 2999 1329 3015 ver—

438 3037 517 3062 sione
548 3036 590 3060 del
621 3036 755 3064 Bazzano,
785 3035 819 3059 cf.
840 3036 907 3060 Dia..
929 3035 948 3061 Ι,
970 3034 1002 3068 65
1031 3042 1045 3059 e
1064 3035 1097 3060 11.
1124 3041 1181 3067 237.
1230 3033 1329 3063 Questi

2307 819 2351 854 10

2310 1054 2352 1090 15

2311 1321 2356 1354 20

2300 1695 2347 1730 25

2303 2023 2352 2059 30

2303 2353 2350 2388 35

2303 2683 2352 2718 40
