2423 3561
789 379 960 411 ΒΑΖΖΑΝΟ
971 391 977 410 :

528 450 581 473 Die
602 451 698 473 martis
719 451 790 482 xxiij
807 451 905 481 aprilis
921 451 1023 475 sactum
1045 451 1099 475 fuit
1113 451 1272 476 Consilium
1289 461 1332 483 ge-

441 498 533 521 nerale
553 500 580 521 et
600 505 731 529 arengum
752 499 780 521 in
802 499 893 529 platea
913 498 1058 525 Comunis.
1086 502 1112 523 in
1134 508 1188 531 quo
1209 508 1256 531 per
1279 503 1332 524 sin-

441 546 518 569 dicos
539 546 671 577 speciales
686 547 719 570 ad
733 547 798 570 haec
813 547 917 570 electos
930 550 957 571 ct
972 548 1060 571 factos
1076 550 1103 571 in
1119 549 1195 572 dicto
1209 550 1330 573 consilio

440 595 535 618 datum
566 595 619 618 fuit
645 595 802 618 dominium
830 596 957 619 civitatis
983 596 1107 620 Mutinae
1133 599 1160 621 et
1186 598 1332 621 districtus

440 643 515 666 dicto
535 643 651 666 domino
671 642 741 674 Regi
754 652 760 671 ;
775 645 802 666 et
816 644 892 667 dicto
907 644 952 667 die
967 647 1029 675 post
1044 652 1145 668 nonam
1160 646 1251 669 dictus
1271 645 1330 670 Rex

440 691 549 715 Mutina
569 692 686 715 decessit
706 694 733 715 et
754 693 806 715 ivit
826 691 943 723 Regium
964 695 991 716 et
1011 693 1145 717 Parmam.

518 2247 553 2271 Et
573 2249 639 2271 tunc
653 2248 744 2272 dietus
759 2247 842 2280 [Rex]
857 2249 948 2272 voluit
963 2250 989 2272 et
1003 2248 1147 2272 mandavit
1163 2250 1189 2271 et
1206 2249 1234 2271 in
1246 2248 1322 2271 dicto

432 2296 553 2319 consilio
565 2297 691 2327 arengari
704 2297 770 2320 fecit
785 2304 880 2320 omnes
894 2298 1067 2320 extrinsecos
1082 2297 1208 2320 Mutinae
1222 2298 1251 2319 ut
1264 2303 1323 2327 pos-

432 2346 492 2368 sent
513 2345 601 2368 redire
620 2345 650 2368 in
671 2345 814 2369 civitatem
841 2347 867 2369 et
892 2346 990 2369 habere
1017 2353 1064 2369 sua
1091 2345 1172 2370 bona.
1200 2346 1323 2376 exceptis

432 2393 575 2417 nobilibus
595 2394 626 2417 cle
640 2393 752 2422 Saxolo,
773 2395 805 2418 de
824 2393 1007 2422 Grasonibus,
1028 2394 1060 2417 de
1080 2394 1225 2417 Boschetis
1244 2395 1271 2417 ct
1290 2394 1322 2417 de

432 2441 623 2472 Rangonibus.

514 2694 593 2719 Tunc
613 2696 657 2719 die
678 2696 759 2720 lunae
778 2697 838 2729 xvij
862 2697 932 2720 iunii
948 2696 1083 2720 Nicolaus
1098 2696 1130 2719 de
1146 2694 1324 2719 Grasonibus

430 2744 535 2774 accepit
547 2746 666 2767 castrum
680 2744 818 2775 Vignolae
834 2743 1036 2775 [con]sortibus
1051 2745 1116 2771 suis,
1130 2744 1162 2767 de
1177 2751 1232 2775 quo
1243 2746 1324 2767 antea

431 2791 518 2814 suerat
539 2792 679 2822 expulsus.

515 2839 568 2863 Die
584 2841 680 2863 martis
697 2839 800 2873 [x]xvij
817 2842 925 2871 augusti
942 2843 1122 2865 transmissae
1139 2841 1251 2864 fuerunt
1266 2840 1325 2863 lite-

430 2895 474 2910 rae
494 2887 619 2911 Mutinae
639 2896 672 2911 ex
699 2890 776 2920 parte
802 2888 887 2919 Regis
913 2890 946 2913 de
972 2890 1123 2913 concordia
1151 2890 1223 2913 sacta
1252 2889 1326 2911 inter

429 2936 625 2966 Imperatorem
639 2939 665 2960 et
682 2938 770 2968 ipsum
786 2940 812 2960 et
827 2937 965 2969 [propter]
986 2938 1037 2961 hoc
1060 2939 1125 2962 sacti
1145 2938 1256 2961 suerunt
1272 2943 1325 2960 ma-

433 2985 480 3016 gni
503 2984 573 3008 sallo
595 2986 623 3008 in
647 2985 766 3009 Mutina.

1106 247 1507 285 INTRODUZIONE

1737 382 1902 414 Monmo
1912 393 1919 412 z

1476 452 1526 475 Die
1539 455 1630 476 autem
1652 454 1748 476 martis
1769 453 1840 484 xxiij
1857 452 1957 483 aprilis
1981 452 2084 476 factum
2106 452 2161 475 fuit
2179 451 2278 475 Consi-

1386 502 1454 524 lium
1475 502 1602 532 generale
1621 503 1648 525 et
1668 502 1818 532 arenghum
1840 502 1868 524 in
1890 502 1981 532 platea
2005 501 2142 525 Comunis
2162 500 2202 532 [in
2223 507 2277 531 quo

1386 549 1528 580 Consilio]
1545 551 1713 581 congregato
1734 557 1781 580 per
1804 550 1928 572 sindicos
1955 550 2088 580 speciales
2108 552 2161 579 per
2181 549 2276 572 dictum

1388 597 1527 621 Consilium
1548 598 1584 620 ad
1600 598 1644 621 hoc
1663 597 1778 620 enectos
1793 599 1819 620 et
1835 597 1924 620 factos
1938 597 1968 620 in
1989 597 2065 620 dicto
2079 596 2218 623 Consilio.
2234 604 2277 620 ne-

1805 646 1919 669 (luidone
1944 646 1976 669 de
2002 646 2117 669 Belletto
2143 645 2174 668 de
2194 648 2276 675 porta

1383 694 1531 718 Baio-varie
1545 695 1664 718 civitatis
1678 695 1784 718 Mutine
1793 695 1851 718 cive
1862 697 1964 723 semper
1974 693 2168 718 contradicente
2178 697 2204 716 et
2211 697 2276 723 pro—

1384 647 1451 669 mim·
1476 646 1642 676 discrepante
1670 649 1772 676 excepto

1382 747 1495 767 testante
1513 752 1541 766 se
1560 744 1628 766 nolle
1648 744 1792 767 consentire
1810 743 1836 766 in
1863 743 1959 773 aliquo,
1987 743 2081 766 datum
2110 743 2164 766 suit
2190 742 2276 765 domi-

1383 793 1458 815 nium
1479 791 1605 815 civitatis
1626 791 1734 815 Mutine
1754 792 1781 814 ct
1800 792 1946 814 districtus
1965 791 2041 814 dicto
2055 789 2124 822 Regi
2137 800 2142 818 ;
2157 792 2184 814 et
2197 791 2274 814 dicto

1381 841 1425 863 (lie
1445 843 1509 871 post
1530 848 1631 864 nonam
1652 841 1743 864 dictus
1762 839 1821 863 Rex
1837 840 1947 863 Mutina
1967 840 2087 863 discessit
2105 841 2132 862 et
2153 840 2207 862 ivit
2226 838 2275 862 Re-

1379 890 1455 918 gium
1475 890 1502 912 et
1522 889 1656 912 Parmam.

1466 937 1544 961 Tum·
1565 938 1656 960 dictus
1677 936 1736 960 Rex
1756 937 1874 961 donavit
1894 937 2012 960 domino
2026 935 2153 960 Guidoni
2168 937 2200 960 de
2214 936 2274 960 Piis

1380 987 1518 1009 redditum
1549 986 1660 1017 paludis
1689 986 1826 1009 comunis
1851 988 1877 1008 et
1904 985 2059 1009 molendini
2081 985 2218 1009 Millitum
2239 985 2271 1009 ad

1380 1036 1465 1058 vitam
1486 1035 1553 1058 dicti
1575 1034 1682 1057 domini
1704 1032 1853 1057 Guidonis.

1465 1082 1499 1106 Et
1530 1085 1597 1106 tunc
1623 1082 1715 1106 (Uetus
1740 1081 1800 1105 Rex
1827 1082 1946 1105 tradidit
1972 1082 2126 1106 custodiam
2153 1082 2272 1113 Spilam-

1378 1132 1448 1155 berti
1470 1133 1497 1154 et
1519 1132 1578 1155 iura
1600 1132 1688 1162 ipsius
1707 1130 1828 1153 Nicolao
1848 1131 1880 1154 de
1900 1131 1998 1154 Fredo.

1464 1182 1543 1205 Tunc
1564 1183 1656 1206 dictus
1669 1181 1729 1206 Rex
1744 1182 1862 1206 donavit
1876 1182 1976 1207 Ioanni
1991 1182 2023 1204 de
2038 1180 2162 1207 Mantua,
2176 1179 2274 1204 Gerar-

1377 1231 1444 1254 dino
1454 1231 1485 1254 tle
1494 1231 1552 1254 Piis
1563 1233 1590 1254 et
1601 1232 1717 1255 domino
1729 1232 1862 1262 Iacopino
1872 1231 1904 1254 de
1911 1231 2071 1254 Belencinis
2081 1232 2108 1253 et
2118 1229 2272 1253 Anthelmo

1376 1280 1409 1302 de
1424 1280 1590 1307 Zanchanis,
1605 1280 1723 1303 sindicis
1737 1280 1769 1303 ad
1790 1280 1912 1303 dandum
1927 1280 2084 1302 dominium
2105 1279 2134 1302 in
2154 1279 2271 1302 civitate

1377 1329 1485 1353 Mutine
1506 1329 1582 1352 (licto
1602 1328 1680 1359 Regi.
1700 1329 1867 1353 baratariam
1888 1329 2013 1352 civitatis
2034 1328 2150 1351 Mutine.

1463 1377 1498 1400 Et
1517 1379 1583 1401 tunc
1605 1378 1767 1401 Mansredus
1787 1378 1820 1401 de
1844 1378 1903 1401 Piis
1930 1378 2021 1401 eundo
2048 1377 2080 1400 ad
2105 1376 2270 1408 parlandum

1376 1425 1465 1458 [forse
1485 1427 1498 1450 ὲ
1517 1427 1551 1450 da
1572 1428 1685 1458 leggere
1704 1425 1920 1458 parlamentum]
1942 1434 2003 1450 cum
2022 1425 2096 1457 Rege
2116 1426 2148 1450 ad
2169 1427 2270 1450 terram

1376 1474 1509 1498 Plumatii
1533 1475 1616 1505 fregit
1640 1475 1693 1498 sibi
1709 1482 1779 1503 crus,
1801 1476 1861 1506 ipso
1882 1482 2011 1506 percusso
2027 1475 2059 1498 ab
2079 1481 2136 1498 uno
2156 1481 2226 1505 equo
2241 1475 2269 1497 in

1376 1527 1448 1548 terra
1469 1523 1623 1556 Colegarie.

1462 1572 1497 1596 Et
1517 1574 1583 1596 tunc
1604 1573 1695 1596 dictus
1715 1571 1775 1596 Rex
1795 1573 1827 1596 de
1849 1573 1941 1603 gratia
1962 1571 2100 1596 concessit
2123 1571 2202 1603 plura
2229 1571 2270 1595 os-

1374 1621 1443 1651 ficia,
1466 1621 1573 1644 scilicet
1594 1622 1764 1645 notariatum
1785 1620 1983 1645 maleficiorum
2002 1619 2125 1648 Camere,
2151 1621 2270 1644 auctori-

1374 1672 1460 1693 tatem
1481 1671 1558 1693 tertii
1581 1670 1682 1693 iudicis
1702 1671 1729 1693 et
1749 1670 1883 1698 custodie,
1904 1670 2045 1694 adiunctis
2071 1669 2198 1700 pluribus
2225 1676 2271 1693 no-

1375 1720 1457 1743 tariis
1477 1719 1605 1742 civitatis
1625 1718 1742 1742 Mutine.

1462 1767 1493 1791 In
1515 1768 1665 1791 adventum
1685 1769 1776 1790 autem
1796 1767 1870 1790 tanti
1884 1765 1969 1797 Regis
1983 1766 2114 1790 dominus
2127 1764 2222 1790 Guido
2237 1766 2270 1790 de

1374 1816 1434 1839 Piis
1454 1816 1582 1840 Viearius
1602 1816 1670 1839 dicti
1695 1814 1779 1846 Regis
1801 1816 1828 1838 in
1851 1815 1962 1838 Mutina
1984 1821 2012 1838 se
2039 1815 2180 1846 separavit
2208 1821 2270 1838 cum

1377 1865 1484 1890 familia
1505 1866 1635 1888 universa
1655 1865 1687 1887 de
1708 1864 1819 1887 Palatio
1839 1866 1866 1887 et
1885 1863 1941 1887 ivit
1961 1864 1994 1886 ad
2015 1864 2145 1887 standum
2165 1863 2198 1887 ad
2225 1863 2271 1887 do-

1375 1922 1447 1938 mum
1468 1914 1667 1937 Massariorum
1689 1912 1802 1936 Fabrice
1823 1912 1917 1936 Sancti
1939 1911 2111 1936 GeminIani.

1461 1963 1540 1986 Tunc
1561 1963 1652 1986 dictus
1671 1961 1731 1985 Rex
1752 1962 1829 1985 dedit
1850 1962 1882 1985 ad
1905 1962 2061 1985 custodiam
2075 1961 2144 1984 dicti
2160 1961 2269 1984 domini

1375 2011 1517 2036 Guidonis
1537 2014 1564 2034 et
1585 2011 1723 2034 Mansredi
1745 2011 1777 2034 (le
1798 2010 1856 2033 Piis
1876 2010 2052 2034 Vicariorum
2065 2011 2153 2041 ipsius
2168 2010 2196 2033 in
2211 2010 2270 2034 Mu-

1375 2062 1435 2084 tina
1449 2060 1540 2092 xxviij
1558 2060 1678 2083 famulos
1693 2060 1845 2089 armigeros
1859 2060 1989 2090 expensis
2004 2059 2131 2082 comunis
2152 2058 2271 2086 Mutine,

1376 2109 1545 2133 dimittendo
1565 2108 1667 2132 eisdem
1689 2110 1795 2139 partem
1816 2108 1962 2131 dimidiam
1989 2107 2111 2131 clavium
2125 2108 2270 2136 civitatis;

1376 2159 1422 2189 qui
1442 2158 1548 2181 Vicarii
1571 2164 1626 2180 uon
1653 2157 1817 2180 exercebant
1845 2164 1893 2180 nec
1919 2163 2044 2180 exercere
2064 2157 2165 2180 debent
2189 2156 2271 2180 aliter

1376 2207 1496 2230 officium
1516 2206 1622 2229 vicarii
1646 2207 1700 2229 nisi
1724 2206 1837 2228 nomine
1857 2206 1885 2229 et
1906 2212 1961 2228 non
1983 2213 2018 2228 re.

1463 2254 1542 2278 Tunc
1563 2254 1654 2278 dictus
1681 2254 1739 2277 Rex
1768 2254 1859 2277 voluit
1886 2255 1913 2277 et
1939 2254 2084 2278 mandavit
2111 2256 2137 2278 et
2163 2255 2200 2278 sic
2221 2258 2272 2285 pu-

1379 2305 1445 2328 blice
1467 2305 1494 2327 in
1516 2304 1591 2327 dicto
1606 2303 1727 2326 consilio
1742 2304 1867 2333 arengari
1889 2303 1955 2326 fecit
1970 2304 2038 2333 quod
2056 2310 2152 2326 omnes
2165 2304 2271 2327 extrin-

1377 2353 1430 2375 seci
1455 2352 1608 2376 mutinenses
1636 2353 1750 2382 possent
1771 2352 1859 2375 redire
1886 2352 1915 2374 in
1942 2352 2087 2375 civitatem
2114 2352 2219 2375 &latine
2245 2353 2272 2376 et

1376 2401 1501 2424 rehabere
1521 2401 1593 2424 bona
1608 2407 1664 2426 sua.
1678 2401 1802 2431 exceptis
1817 2400 1960 2424 nobilibus
1974 2401 2006 2424 de
2020 2399 2133 2428 Saxolo.
2145 2401 2177 2424 de
2191 2399 2272 2424 Gras-

1377 2449 1500 2476 sonibus,
1520 2450 1553 2473 de
1572 2448 1742 2479 Savignano.
1763 2449 1795 2472 de
1816 2449 1968 2474 Boschetis.
1988 2449 2020 2472 de
2043 2448 2235 2480 Raugonibus.

1463 2501 1497 2524 Et
1517 2500 1561 2523 die
1582 2499 1690 2522 veneris
1715 2497 1810 2530 [xviiij
1833 2496 1944 2530 aprilis]
1966 2498 2039 2521 facta
2061 2498 2115 2521 fuit
2136 2498 2212 2522 crida
2224 2505 2272 2529 per

1377 2550 1535 2573 universam
1556 2549 1699 2572 civitatem
1720 2547 1829 2570 Mutine
1849 2554 1883 2570 ex
1903 2548 1980 2577 parte
2000 2547 2069 2570 dicti
2090 2545 2183 2578 Regis.
2197 2547 2269 2578 quod

1377 2601 1471 2624 omnia
1491 2600 1565 2624 bona
1579 2599 1757 2623 ecclesiarum
1772 2599 1799 2621 et
1813 2597 1938 2630 episcopi
1954 2597 2062 2621 Mutine
2078 2598 2131 2628 ipsi
2146 2598 2173 2621 et
2187 2600 2271 2622 recto-

1379 2649 1454 2672 ribus
1473 2656 1567 2672 earum
1587 2648 1718 2671 deberent
1738 2647 1824 2670 libere
1845 2646 1973 2670 relaxari.

1465 2696 1568 2720 Eodem
1591 2703 1664 2720 anno
1685 2696 1729 2719 die
1750 2695 1814 2719 lune
1836 2695 1894 2727 xvij
1917 2695 2037 2718 ianuarii
2053 2693 2271 2727 [leggasiiunii]

1378 2744 1512 2769 Nicolaus
1532 2746 1564 2768 de
1585 2743 1775 2768 Grassonibus
1801 2744 1907 2774 accepit
1928 2743 2079 2774 Vignolam
2092 2744 2271 2768 consortibus

1378 2795 1444 2820 suis,
1465 2795 1497 2817 de
1516 2801 1568 2824 qua
1590 2796 1669 2816 antea
1691 2793 1780 2816 suerat
1800 2792 1939 2823 expulsus.

1466 2842 1500 2866 Et
1510 2842 1555 2865 die
1564 2842 1661 2865 martis
1673 2847 1735 2872 xv1J
1747 2839 1971 2873 [leg-gasixxvij]
1984 2840 2095 2871 augusti
2106 2841 2270 2865 transmisse

1381 2891 1492 2914 fuerunt
1513 2890 1609 2913 literae
1631 2889 1768 2913 Mutinam
1792 2897 1826 2912 ex
1852 2891 1930 2920 parte
1956 2889 2024 2912 dicti
2051 2889 2160 2912 domini
2186 2888 2271 2920 Regis

1379 2940 1411 2963 de
1432 2939 1581 2962 concordia
1603 2939 1675 2961 sacta
1695 2939 1764 2961 inter
1784 2947 1838 2961 eum
1858 2942 1885 2961 el
1907 2938 2101 2967 Imperatorem,
2121 2940 2148 2961 et
2173 2938 2201 2961 ob
2227 2938 2271 2962 Ιιοε

1380 2988 1454 3012 faeta
1477 2987 1592 3010 fuerunt
1612 2987 1718 3011 Alutine
1738 2993 1837 3017 magna
1849 2986 1980 3018 fallodia.

2306 831 2344 862 10

2305 1074 2342 1107 15

2300 1323 2342 1354 20

2298 1567 2339 1600 25

2295 1801 2340 1833 :30

2299 2043 2340 2077 35

2301 2291 2342 2322 40

2300 2531 2339 2563 45

2299 2775 2340 2808 50
