2423 3561
441 221 513 255 XL
1134 217 1537 254 INTRODUZIONE

438 351 642 382 membranis
665 351 810 391 scriptus
834 356 884 382 est
900 350 1036 392 quidam
1063 348 1257 391 Apparatus
1273 348 1384 380 editus
1408 358 1470 388 per
1485 347 1681 389 magistrum
1699 346 1834 378 Petrum
1853 346 1896 377 de
1922 345 2146 389 Faylacrunis
2162 354 2264 386 super-

436 403 560 435 notulis
583 413 709 434 summe
733 404 864 434 notarie
889 408 924 434 et
946 403 981 433 in
1004 412 1072 443 quo
1096 401 1268 433 volumine
1291 406 1325 431 et
1349 399 1434 430 libro
1466 405 1542 430 sunt
1565 398 1695 439 scripta
1718 399 1823 430 multa
1847 398 1916 429 alia
1939 399 2033 430 varia
2060 404 2095 429 et
2117 398 2264 429 diversa.

438 456 521 487 Item
538 455 641 487 modo
658 455 757 486 simili
774 454 963 497 prelegavit
979 454 1090 485 eidem
1109 453 1248 485 Sumam
1277 452 1565 484 matrimoniorum
1583 457 1618 482 et
1641 457 1812 482 certarum
1829 450 2053 482 decretalium
2073 457 2108 482 et
2123 450 2268 481 aliorum

437 507 603 539 editorum
620 517 721 548 super
738 506 873 538 iudiciis
889 513 922 538 et
946 516 1012 549 que
1027 507 1092 537 fuit
1109 506 1254 537 condam
1272 506 1304 536 d.
1322 504 1439 536 Gilioli
1456 504 1500 535 de
1518 504 1731 536 Bonacursiis
1747 503 1781 534 in
1797 503 1899 534 cartis
1922 503 2135 534 membranis.
2183 503 2267 533 Item

438 560 538 592 modo
563 559 719 600 predicto
743 559 936 601 prelegavit
960 559 1071 590 eidem
1095 568 1212 590 omnes
1236 557 1320 588 alios
1343 566 1420 588 suos
1445 556 1546 587 libros
1577 556 1728 587 eiusdem
1752 555 1922 587 testatoris
1952 561 2022 587 tam
2045 555 2261 587 membranos
2308 552 2326 584 5

441 623 541 654 quam
565 611 778 653 bombicinos
802 611 947 643 morales
966 610 1018 642 vel
1044 611 1187 647 divinos,
1203 609 1370 641 istoriales
1388 614 1421 640 et
1438 618 1656 650 quoscunque
1681 608 1764 639 alios
1788 609 2020 649 cuiuscunque
2038 606 2267 639 condictionis

443 664 597 695 existant.
644 664 682 694 In
706 663 861 695 omnibus
884 669 996 694 autem
1026 663 1095 693 suis
1125 662 1224 694 bonis
1251 661 1434 693 mobilibus
1464 667 1498 692 et
1520 660 1738 692 inmobilibus
1768 660 1896 692 iuribus
1919 667 1952 692 et
1975 660 2168 692 actionibus
2199 665 2268 690 tam

445 716 659 758 presentibus
682 726 783 757 quam
807 716 929 747 futuris
944 715 1118 756 predictos
1141 715 1212 746 eius
1237 714 1324 746 filios
1347 715 1380 745 d.
1404 714 1556 745 Richum
1582 714 1772 745 Gerardum
1798 719 1831 744 et
1847 713 2001 744 Ylarium
2024 719 2059 744 et
2081 719 2274 754 postumum

445 775 477 800 et
499 775 672 810 postumos
696 769 883 800 masculum
907 769 934 799 si
959 768 1165 810 contingerit
1196 778 1273 798 eum
1298 767 1444 808 aliquem
1476 766 1602 798 habere
1634 776 1676 797 ex
1708 766 1823 807 aliqua
1851 766 1924 797 eius
1947 766 2100 808 legitima
2124 765 2270 808 coniuge

441 821 505 852 sibi
529 821 623 863 equis
647 820 861 862 portionibus
884 821 1030 851 heredes
1046 820 1199 851 instituit.
1246 818 1284 850 Si
1309 825 1419 850 autem
1437 819 1565 850 femina
1581 819 1685 850 fuerit
1709 829 1774 850 una
1790 818 1845 850 vel
1861 819 1975 860 plures
1998 818 2088 860 ipsas
2105 824 2138 850 et
2155 829 2274 860 quam·
2303 817 2342 849 10

438 873 520 904 libet
544 883 658 905 earum
682 872 746 905 sibi
769 873 913 904 heredes
937 873 1081 904 instituit
1106 873 1138 903 in
1165 872 1321 904 ducentis
1338 871 1430 903 libris
1446 871 1579 903 Mutine
1598 882 1681 914 quas
1697 882 1755 903 eas
1772 871 1899 903 habere
1916 871 2020 903 voluit
2036 882 2114 902 cum
2131 881 2272 912 nupsse-

439 927 507 957 rint
539 927 580 957 de
613 936 780 957 consensu
811 931 941 957 tantum
974 926 1143 957 dictorum
1175 934 1310 955 suorum
1335 925 1479 956 fratrum
1511 930 1545 955 et
1567 934 1636 955 non
1661 925 1769 955 aliter.
1816 924 1861 955 Et
1892 924 1919 955 si
1943 923 2028 954 dicti
2050 923 2194 965 postumi
2224 922 2281 954 vel

438 984 614 1018 postumus
638 978 847 1009 decesserint
869 978 903 1008 in
928 977 1075 1019 pupilari
1099 984 1187 1008 etate
1219 977 1272 1008 vel
1305 977 1388 1008 alias
1419 977 1694 1018 quandocunque
1726 977 1798 1008 sine
1831 976 1947 1007 liberis
1969 976 2141 1008 substituit
2163 976 2193 1007 ei
2225 975 2282 1007 vel

439 1030 489 1061 eis
513 1031 570 1072 qui
595 1030 642 1061 sic
667 1030 878 1061 decesserint
901 1030 1100 1071 superstites
1124 1030 1248 1061 fratres
1271 1030 1439 1061 masculos
1461 1029 1517 1061 vel
1548 1039 1666 1061 eorum
1697 1030 1843 1060 heredes
1874 1028 2075 1060 1nascullos¹
2099 1030 2135 1060 in
2158 1029 2281 1070 stirpes

438 1087 472 1113 et
494 1092 563 1114 non
587 1082 620 1113 in
645 1082 767 1123 capita.
815 1081 860 1113 Et
882 1082 971 1113 hanc
1004 1092 1098 1112 suam
1130 1081 1337 1113 voluntatem
1368 1082 1511 1113 ruitasse
1535 1093 1607 1113 esse
1633 1082 1720 1114 velle
1745 1092 1846 1124 quam
1870 1082 1983 1113 valere
2008 1081 2116 1112 voluit
2131 1081 2204 1112 iure
2227 1087 2276 1112 te·
2304 1080 2341 1111 15

440 1135 598 1167 stamenti
615 1141 649 1166 et
665 1134 716 1175 [si]
734 1134 806 1165 iure
824 1134 1015 1165 testamenti
1033 1144 1099 1165 non
1118 1135 1209 1165 valet
1225 1134 1336 1166 valeat
1351 1135 1467 1166 saltem
1481 1135 1554 1166 iure
1572 1135 1807 1166 codicillorum
1826 1140 1859 1166 et
1876 1133 2056 1166 cuiuslibet
2072 1133 2210 1165 alterius
2231 1133 2283 1164 ul-

443 1188 523 1219 time
540 1187 723 1219 voluntatis
739 1197 806 1228 quo
822 1187 942 1218 melius
958 1188 1070 1217 valere
1087 1187 1197 1228 potuit
1212 1193 1246 1218 et
1262 1193 1389 1218 tenere.
1422 1188 1507 1218 Item
1523 1188 1608 1218 feeit
1622 1187 1799 1218 constituit
1812 1193 1846 1218 et
1858 1187 2027 1218 ordinavit
2043 1197 2140 1217 suum
2157 1196 2281 1227 procu-

443 1247 589 1272 ratorem
613 1240 816 1271 Tomaxium
840 1240 883 1270 de
908 1239 1087 1271 Barixanis
1109 1240 1153 1270 ad
1170 1240 1448 1271 denunciandum
1465 1240 1593 1271 dictum
1615 1246 1852 1271 testamentum
1876 1240 2010 1270 notario
2035 1238 2283 1270 memorialium

444 1292 597 1323 comunis
620 1291 753 1323 Mutine
778 1297 811 1322 et
835 1292 879 1323 ad
894 1291 1086 1322 fatiendum
1103 1302 1179 1322 eum
1196 1292 1277 1332 poni
1294 1299 1327 1323 et
1343 1292 1447 1323 scribi
1467 1292 1502 1323 in
1527 1292 1626 1324 dictis
1651 1291 1904 1323 memorialibus
1928 1297 1961 1323 et
1985 1297 2100 1323 cetera
2125 1296 2285 1323 contenta

443 1345 477 1375 in
494 1350 695 1376 testamento
720 1343 850 1385 scripto
875 1354 935 1385 per
959 1344 1146 1375 Iohannem
1164 1344 1206 1375 de
1223 1344 1361 1387 Bacano
1378 1347 1547 1377 notarium
1564 1345 1599 1376 in
1616 1345 1737 1377 eodem
1755 1344 1937 1376 Millesimo
1962 1345 2155 1376 Indictione
2173 1350 2209 1375 et
2225 1344 2283 1376 die
2307 1344 2349 1375 20

444 1403 479 1428 ut
502 1396 592 1428 idem
616 1396 766 1427 notarius
790 1402 824 1427 et
848 1396 958 1428 dictus
976 1396 1008 1428 d.
1026 1396 1223 1428 Bonifacius
1245 1402 1386 1429 testator
1411 1404 1445 1429 et
1463 1403 1665 1438 procurator
1688 1398 1770 1429 mihi
1788 1397 1918 1430 notario
1939 1397 2110 1429 dixerunt.
2157 1396 2283 1429 Actum

443 1449 575 1480 Mutine
600 1449 632 1479 in
658 1449 758 1480 domo
782 1449 964 1480 infirmarie
988 1449 1130 1480 fratrum
1153 1450 1320 1481 minorum
1344 1451 1557 1491 presentibus
1580 1451 1721 1482 testibus
1744 1450 1787 1482 ab
1811 1451 1886 1491 ipso
1910 1455 2072 1482 testatore
2094 1450 2225 1482 vocatis
2249 1454 2284 1480 et

448 1502 575 1543 rogatis
606 1501 768 1533 videlicet
799 1501 906 1533 fratre
937 1500 1108 1533 Ubertino
1141 1502 1183 1533 de
1215 1502 1392 1534 Placentia
1423 1503 1531 1534 fratre
1563 1503 1670 1534 Paulo
1696 1503 1738 1535 de
1770 1503 1885 1546 Regio
1919 1503 2026 1534 fratre
2059 1502 2210 1534 Iohanne
2243 1502 2286 1533 de

447 1554 618 1591 Marchia,
642 1555 747 1585 fratre
771 1554 955 1585 Leonardo
979 1554 1022 1585 de
1038 1553 1224 1586 Scaloratis
1248 1555 1353 1587 fratre
1380 1556 1572 1587 Gerardino
1589 1557 1631 1588 de
1649 1556 1804 1588 Macreto
1823 1556 1881 1598 qui
1898 1565 2016 1587 omnes
2038 1561 2117 1587 sunt
2133 1554 2176 1586 de
2193 1555 2287 1587 dicto

446 1607 565 1638 ordine
590 1607 733 1638 fratrum
758 1606 942 1644 Minorum‚
974 1607 1129 1638 Gerardo
1155 1607 1197 1638 de
1223 1606 1409 1649 Querceto,
1433 1609 1630 1640 Bertholeto
1659 1609 1702 1640 de
1727 1609 1851 1651 Regio,
1876 1608 2024 1640 Bertheo
2047 1607 2235 1640 Lambreto
2252 1613 2287 1639 et
2311 1606 2352 1638 25

445 1660 530 1697 aliis,
546 1666 584 1691 ut
599 1659 690 1691 idem
714 1659 864 1690 notarius
880 1665 915 1690 et
931 1659 1042 1690 dictus
1067 1659 1099 1690 d.
1124 1659 1326 1691 Bonifacius
1349 1667 1382 1692 et
1405 1661 1516 1692 dictus
1540 1667 1742 1702 procurator
1761 1661 1843 1692 mihi
1867 1661 1999 1692 notario
2024 1660 2185 1692 dixerunt
2197 1659 2218 1691 ².

533 1711 659 1743 Actum
683 1710 815 1742 Mutine
833 1712 866 1742 in
882 1711 1024 1752 pallatio
1041 1712 1145 1743 veteri
1163 1712 1316 1744 comunis
1338 1713 1473 1744 Mutine
1490 1714 1534 1745 ad
1552 1714 1683 1745 discum
1707 1713 1952 1745 memorialium
1971 1713 2125 1745 comunis
2147 1712 2280 1745 Mutine

447 1763 660 1806 presentibus
684 1764 827 1795 testibus
850 1764 991 1795 Andrea
1015 1765 1057 1796 de
1082 1765 1326 1807 Fontanaluca,
1351 1766 1502 1798 Iohanne
1520 1767 1563 1798 de
1580 1767 1846 1798 Testacalvariis
1870 1767 2005 1798 notario
2023 1772 2058 1798 et
2073 1766 2158 1798 aliis.
2204 1766 2279 1808 Ego

448 1817 597 1849 Facinus
630 1817 673 1848 de
697 1815 864 1847 Zanilim‘s
887 1816 1043 1857 inperiali
1076 1818 1276 1849 auctoritate
1307 1819 1459 1850 notarius
1483 1826 1517 1851 et
1547 1829 1639 1850 nunc
1667 1819 1818 1851 notarius
1849 1819 2095 1850 memorialium
2128 1818 2280 1850 comunis

447 1869 580 1901 Mutine
604 1869 786 1910 deputatus
816 1869 1008 1910 predictum
1033 1875 1270 1902 testamentum
1304 1871 1337 1901 in
1370 1871 1457 1903 libro
1489 1871 1737 1903 memorialium
1771 1872 1925 1903 comunis
1948 1871 2081 1903 Mutine
2109 1871 2215 1913 poxui
2247 1877 2280 1903 et
2303 1871 2346 1903 30

446 1922 568 1964 scripsi
603 1921 795 1963 subscripsi.

535 2031 563 2065 Il
594 2029 768 2064 codicillo
799 2030 857 2075 poi
887 2030 923 2063 fu
952 2029 1010 2064 del
1042 2037 1167 2065 tenore
1197 2038 1395 2076 seguente:

537 2113 575 2144 In
598 2112 725 2144 Christi
749 2113 884 2144 nomine
911 2113 1012 2144 Anno
1036 2124 1055 2144 a
1073 2113 1256 2145 Nativitate
1273 2114 1425 2146 eiusdem
1442 2114 1626 2146 Millesimo
1644 2116 1884 2147 trecentesimo
1901 2116 2165 2158 quadragesimo
2182 2126 2283 2155 nono,

451 2166 643 2197 Indictione
660 2165 813 2197 secunda
829 2166 885 2197 die
898 2166 982 2196 iovis
995 2166 1177 2198 undecimo
1195 2168 1318 2198 mensis
1334 2167 1428 2198 iunii.
1453 2167 1539 2199 Cum
1555 2168 1712 2199 dominus
1728 2168 1931 2200 Bonifacius
1949 2169 1992 2200 de
2008 2169 2155 2201 Morano
2176 2169 2284 2201 Iudex

450 2219 536 2249 filius
553 2219 700 2250 condam
717 2218 844 2250 domini
862 2218 1064 2260 Guicardini
1078 2220 1121 2250 de
1135 2219 1280 2251 Morano
1298 2219 1383 2251 civis
1399 2219 1531 2251 Mutine
1547 2221 1767 2262 cinquantine
1781 2220 1900 2252 Sancti
1914 2221 2035 2263 Jacobi
2049 2222 2092 2253 de
2106 2233 2168 2253 rua
2182 2221 2284 2253 Gale·
2308 2220 2349 2252 35

451 2271 544 2313 garie
568 2281 669 2311 super
692 2270 857 2302 bonorum
882 2281 1016 2303 suorum
1041 2270 1262 2312 dispositione
1280 2278 1515 2303 testamentum
1540 2273 1735 2304 condiderit
1751 2273 1914 2315 scriptum
1938 2285 2039 2305 manu
2059 2274 2218 2306 Iohannis
2243 2274 2286 2306 de

450 2323 587 2366 Bacano
604 2322 728 2354 notarii
746 2323 967 2365 infrascripti,
984 2323 1102 2355 volens
1118 2324 1331 2365 presentibus
1350 2325 1518 2357 codicillis
1534 2336 1635 2367 super
1653 2326 1821 2368 aliquibus
1837 2338 1899 2369 per
1916 2337 1993 2358 eum
2010 2327 2140 2359 relictis
2163 2327 2286 2359 volun-

451 2382 554 2408 tatem
572 2382 712 2413 mutare,
726 2386 825 2418 quam
838 2376 969 2407 licitum
984 2382 1033 2407 est
1045 2383 1174 2407 mutare
1192 2387 1297 2419 usque
1311 2378 1355 2409 ad
1370 2378 1469 2408 finem
1482 2379 1551 2409 vite
1565 2378 1703 2410 cuilibet
1723 2379 1917 2411 decedenti.
1943 2380 2112 2420 Imprimis
2125 2379 2287 2412 videlicet

454 2429 602 2470 legatum
629 2427 804 2460 cuiusdam
828 2429 924 2470 pecie
949 2435 1038 2460 terre
1064 2429 1269 2461 claussurate
1295 2440 1371 2460 cum
1397 2431 1499 2461 domo
1524 2437 1558 2462 et
1573 2431 1738 2463 hediffitio
1755 2433 1982 2473 superestanti
1999 2433 2149 2475 quinque
2167 2432 2286 2464 bobul-

453 2492 567 2512 carum
591 2479 697 2521 pluris
720 2481 773 2512 vel
797 2480 937 2511 minoris
954 2481 1152 2522 quantitatis
1175 2492 1241 2523 que
1266 2482 1308 2513 sit
1332 2483 1441 2523 posite
1465 2484 1499 2514 in
1525 2483 1633 2525 burgo
1651 2484 1807 2515 Baioarie
1831 2495 1935 2526 super
1958 2486 1986 2517 F
1989 2485 2154 2528 ormigine
2179 2484 2288 2516 veteri
2311 2485 2353 2516 40

454 2533 622 2565 confinate
647 2544 667 2563 a
691 2532 824 2564 duobus
846 2533 1009 2565 lateribus
1032 2534 1087 2564 vie
1112 2533 1154 2564 ab
1179 2533 1256 2565 allio
1282 2534 1389 2566 Dinus
1413 2536 1484 2566 sive
1517 2536 1654 2567 domina
1677 2535 1777 2568 Betta
1801 2537 1843 2568 de
1867 2537 2075 2579 Carpesanis
2098 2537 2170 2568 eius
2193 2547 2289 2569 soror

453 2597 472 2617 a
496 2591 617 2627 quarto
640 2585 797 2617 Andreas
822 2585 864 2617 de
889 2585 1063 2617 Fostondo
1087 2597 1188 2628 quam
1212 2587 1349 2628 peciam
1373 2594 1462 2619 terre
1487 2595 1519 2619 et
1543 2588 1690 2632 legatum
1715 2589 1908 2629 predictum
1931 2590 2108 2631 predictus
2131 2590 2288 2622 dominus

453 2638 652 2670 Bonifacius
668 2643 790 2678 sponte
807 2643 840 2668 et
858 2648 900 2668 ex
918 2644 1012 2669 certa
1028 2639 1171 2670 scientia
1187 2649 1255 2680 quo
1272 2640 1315 2670 ad
1332 2651 1428 2671 usum
1445 2647 1477 2672 et
1494 2641 1708 2672 usufructum
1734 2642 1881 2683 reliquid
1898 2642 2037 2673 domine
2063 2642 2161 2674 Bette
2186 2643 2287 2674 uxori

456 2690 538 2722 dicti
555 2690 683 2721 domini
709 2689 873 2721 Bonifatii
889 2690 915 2721 si
940 2690 1015 2731 ipsa
1030 2690 1139 2722 nollet
1161 2691 1215 2722 vel
1241 2701 1308 2723 non
1324 2698 1438 2733 posset
1454 2698 1545 2724 stare
1561 2693 1616 2724 vel
1633 2693 1788 2725 habitare
1805 2705 1870 2725 veu
1887 2694 2081 2735 pacifficare
2099 2704 2175 2726 cum
2193 2694 2288 2726 dicto

456 2743 604 2781 Riccho‚
630 2742 786 2774 Gerardo
811 2749 843 2774 et
867 2742 973 2774 Yario
997 2743 1074 2774 liliis
1098 2750 1131 2775 et
1154 2744 1338 2775 heredibus
1363 2745 1470 2787 ipsius
1487 2745 1518 2777 d.
1538 2745 1699 2777 Bonifatii
1716 2757 1774 2777 seu
1791 2757 1868 2778 cum
1885 2747 1992 2780 altero
2009 2758 2124 2780 eorum
2141 2758 2200 2779 seu
2216 2747 2290 2789 ipsa
2313 2745 2354 2778 45

456 2795 596 2827 domina
619 2795 653 2826 in
679 2795 792 2836 aliqua
815 2795 983 2838 religione
1008 2805 1075 2826 non
1097 2796 1248 2828 intraret.
1288 2798 1364 2838 Ipse
1390 2798 1547 2830 dominus
1569 2798 1763 2830 Bonifatius
1786 2806 1907 2841 sponte
1924 2806 1956 2832 et
1980 2810 2022 2832 ex
2039 2806 2132 2832 certa
2147 2800 2290 2832 scientia

460 2849 586 2880 ademit
610 2853 643 2878 et
666 2847 831 2879 subtraxit
847 2848 971 2879 eidem.
1018 2849 1063 2879 Et
1080 2849 1295 2889 presentibus
1319 2850 1490 2882 codicillis
1514 2850 1660 2893 reliquid
1676 2852 1742 2893 ipsi
1760 2852 1898 2884 domine
1922 2853 2020 2885 Bette
2037 2863 2133 2885 usum
2151 2859 2184 2884 et
2207 2863 2285 2884 usu-

546 2939 553 2955 ¹
574 2931 594 2963 12:
616 2942 714 2964 scritto
734 2942 875 2964 mascullss.
1485 2943 1494 2958 ²
1515 2948 1543 2967 ul
1562 2945 1686 2969 idem.·..
1707 2946 1830 2969 dixerunt
1848 2947 1966 2978 postilla
1988 2946 2152 2978 marginale-
