2423 3561
887 199 1253 235 INTRODUZION
1263 201 1289 236 1⁴:
1816 202 1998 237 XXXVII

169 328 326 370 predicto
349 334 386 360 ut
411 328 538 360 dictum
565 335 615 360 est
639 335 672 360 et
687 339 755 361 non
779 330 951 362 solverent
967 331 1058 372 ipsas
1075 331 1279 372 quantitates
1296 333 1441 373 pecunie
1459 339 1494 364 ut
1519 333 1645 365 dictum
1673 340 1722 365 est
1746 334 1778 364 in
1796 343 1837 364 eo
1862 342 1941 363 casu
1960 343 2001 362 ex

169 388 260 410 nunc
283 378 430 420 reliquid
455 379 611 420 hospitali
637 380 756 411 domus
781 381 836 412 dei
853 381 897 412 de
914 381 1048 412 Mutina
1064 392 1106 413 ex
1124 392 1225 413 causa
1241 382 1438 414 donationis
1456 385 1542 415 inter
1560 385 1655 415 vivos
1672 391 1705 415 et
1722 385 1820 415 etiam
1839 394 1881 414 ex
1900 393 2002 414 causa

169 429 287 461 mortis
310 435 345 460 et
367 429 458 460 omni
482 429 549 460 alio
573 429 646 461 iure
671 430 773 462 modo
798 441 899 461 causa
923 437 957 463 et
981 432 1091 462 causis
1115 432 1239 473 quibus
1262 433 1381 464 melius
1412 434 1523 474 potuit
1549 435 1717 475 quandam
1747 435 1880 475 peciam
1912 439 2001 464 terre

167 490 245 511 cum
269 478 371 511 domo
395 484 430 510 et
446 479 607 511 hedificio
623 481 859 521 superextauti
876 481 1117 513 claussuratam
1134 483 1238 523 ipsius
1254 484 1425 514 testatoris
1443 485 1590 526 quinque
1609 485 1832 516 bobulcarum
1849 490 1881 514 et
1899 482 2003 524 pluris

126 531 143 561 5
168 536 202 562 et
223 529 361 561 minoris
385 529 583 571 quantitatis
606 541 708 572 quarn
731 531 774 562 sit
798 532 939 572 positam
963 542 1064 573 super
1082 533 1277 575 Formigine
1294 534 1401 565 veteri
1418 534 1515 576 burgi
1534 534 1688 566 Baioarie
1706 534 1853 565 civitatis
1870 534 2001 564 Mutine

167 580 369 612 confinatam
395 589 414 610 a
437 579 570 611 duobus
593 580 753 612 lateribus
770 582 823 612 vie
840 582 882 613 ab
901 582 966 613 alio
984 582 1091 613 Dinus
1108 583 1178 614 sive
1196 583 1332 614 domina
1357 584 1439 615 Beta
1463 586 1535 616 eius
1559 595 1655 616 soror
1673 585 1716 616 de
1733 584 1942 625 Carpexanis
1960 583 2002 613 ab

166 631 235 662 alio
260 629 420 662 dominus
442 629 602 662 Andreas
625 631 668 662 de
693 631 878 663 Fosdondo
902 632 956 663 vel
980 633 1007 663 si
1031 632 1088 674 qui
1114 632 1167 675 alij
1195 640 1306 665 essent
1330 635 1480 666 veriores
1512 636 1660 666 confines
1686 646 1763 667 cum
1794 635 1858 666 hac
1884 633 2001 664 condi-

168 682 281 714 ctione
305 680 398 721 quod
421 680 567 712 ministri
584 682 655 712 sive
672 682 823 713 massarii
840 682 924 713 dicti
943 682 1121 724 hospitalis
1144 684 1235 714 infra
1250 690 1319 715 tres
1335 694 1466 716 menses
1483 695 1563 716 casu
1579 686 1737 726 predicto
1755 685 1935 716 eveniente
1952 690 2001 714 te-

167 737 313 764 neantur
337 736 371 762 et
394 730 542 762 debeant
567 742 607 763 ac
632 733 762 773 possint
784 732 892 764 libere
917 733 1066 764 vendere
1091 739 1125 764 et
1148 733 1296 765 alienare
1321 736 1507 776 predictam
1532 736 1663 777 peciam
1693 742 1781 767 terre
1805 741 1838 766 et
1866 735 2003 766 domum

104 784 143 815 10
167 783 370 823 cuicumque
395 791 541 823 persone
564 782 735 814 voluerint
759 788 794 814 et
811 783 854 814 de
871 784 989 824 precio
1007 784 1098 825 quod
1116 784 1311 825 receperint
1335 796 1376 816 ex
1393 786 1466 827 ipsa
1483 786 1581 827 pecia
1605 792 1694 817 terre
1718 792 1750 817 et
1769 787 1869 817 domo
1886 786 2004 816 incon—

164 833 283 865 tinenti
309 833 442 864 solvere
468 833 580 863 omnia
604 834 837 875 suprascripta
861 833 973 876 legata
996 839 1034 865 ut
1057 844 1158 875 supra
1189 835 1351 877 scriptum
1377 842 1428 867 est
1458 843 1491 867 et
1523 837 1727 878 superfluum
1759 836 1865 878 precij
1899 836 2003 876 ipsius

165 891 253 916 tem-e
277 889 310 914 et
333 883 453 914 domus
477 893 497 913 a
521 883 622 914 dictis
646 883 766 925 legatis
790 894 892 925 supra
909 884 1105 925 persolvere
1124 885 1211 916 inter
1228 896 1394 927 pauperes
1412 897 1479 918 non
1503 887 1701 918 simulantes
1718 886 1884 918 miseriam
1903 891 2003 927 prout

164 935 213 967 eis
236 933 349 965 utilius
372 933 545 964 videbitur
567 938 601 964 et
627 934 818 965 consultum
849 935 953 965 fuerit
984 945 1047 976 per
1078 936 1302 977 guardianum
1327 937 1470 968 fratrum
1501 937 1678 974 minorum,
1703 938 1833 978 priores
1861 937 2002 966 fratrum

162 985 415 1028 predicatorum
439 983 679 1015 heremitarum
697 984 959 1016 carmelatorum
976 985 1019 1016 de
1036 985 1171 1017 Mutina
1187 986 1240 1017 vel
1259 987 1419 1018 maiorem
1437 993 1565 1028 partem
1589 988 1739 1028 ipsorum
1757 988 1813 1029 qui
1831 992 1908 1018 sunt
1924 985 2003 1016 Mu-

103 1035 140 1068 15
164 1036 235 1068 tine
252 1034 306 1066 vel
322 1033 451 1065 fuerint
466 1034 501 1064 in
520 1034 709 1066 concordia
721 1045 785 1075 pro
798 1035 1000 1067 redentione
1016 1036 1127 1066 anime
1141 1036 1246 1077 ipsius
1263 1038 1433 1068 testatoris
1450 1044 1484 1068 et
1498 1038 1529 1068 in
1544 1038 1762 1069 remixionem
1781 1037 1929 1068 omnium
1943 1047 2002 1077 pe-

165 1092 316 1118 catorum
339 1084 442 1125 ipsius
465 1090 498 1115 et
522 1094 584 1126 per
599 1084 805 1116 evictionem
822 1086 829 1102 ¹
854 1086 1005 1116 eiusdem
1024 1085 1116 1127 quod
1139 1087 1166 1117 si
1183 1087 1246 1128 ipsi
1263 1087 1409 1119 ministri
1425 1099 1484 1119 seu
1502 1088 1650 1119 massarii
1668 1088 1822 1129 predicta
1840 1087 1952 1118 omnia
1969 1092 2003 1117 et

161 1135 294 1179 singula
311 1146 387 1167 cum
405 1135 534 1166 effectu
550 1145 619 1167 non
635 1135 890 1176 adinpleverint
906 1147 948 1167 ex
965 1146 1056 1167 nunc
1073 1137 1167 1177 ipsos
1183 1147 1297 1169 coram
1314 1148 1408 1169 sumo
1426 1139 1541 1170 Iudice
1555 1139 1588 1169 in
1603 1139 1657 1170 die
1674 1139 1791 1181 iudicij
1810 1138 1951 1180 requirit
1967 1142 2004 1168 ut

163 1187 274 1219 eidem
299 1191 479 1218 teneantur
503 1186 546 1217 de
563 1186 730 1227 predictis
754 1193 787 1217 et
811 1186 1005 1218 huiusmodi
1030 1187 1282 1219 fideicommissi
1307 1189 1424 1220 tacere
1449 1196 1483 1220 et
1507 1190 1627 1221 redere
1652 1190 1816 1220 rationem
1843 1195 1876 1219 et
1898 1189 2003 1228 ipsius

163 1238 308 1269 animam
325 1236 368 1267 de
386 1236 579 1268 huiusmodi
604 1236 866 1268 fideicommisso
891 1237 1078 1278 indepnem
1095 1244 1276 1269 teneantur
1292 1239 1487 1271 omnimodo
1509 1249 1722 1271 conservare.
1752 1240 1835 1270 Item
1855 1238 2003 1279 reliquid

96 1291 138 1320 20
160 1288 268 1320 voluit
291 1293 325 1319 et
347 1287 445 1318 iussit
469 1288 561 1327 quod
585 1297 648 1328 per
671 1287 764 1329 ipsos
787 1298 866 1319 suos
889 1288 1036 1319 heredes
1060 1288 1206 1330 eligatur
1229 1294 1264 1320 et
1287 1289 1366 1331 eligi
1391 1289 1516 1321 debeat
1543 1300 1629 1321 unus
1660 1289 1829 1331 presbiter
1859 1290 2001 1320 honeste

161 1340 229 1371 vite
246 1344 279 1370 et
296 1337 388 1380 quod
403 1347 467 1379 per
482 1338 593 1378 ipsum
610 1337 836 1379 presbiterum
853 1338 902 1369 sic
919 1338 963 1369 acl
980 1338 1046 1370 hoc
1063 1338 1259 1380 eligendum
1277 1340 1438 1371 continue
1457 1340 1490 1370 in
1508 1347 1709 1381 perpetuum
1729 1339 1945 1371 celebrentur
1969 1345 2003 1369 et

163 1389 333 1421 celebrari
357 1388 506 1420 debeant
530 1388 684 1430 quolibet
701 1398 817 1420 mense
835 1395 978 1430 quatuor
995 1390 1094 1420 misse
1119 1389 1285 1421 videlicet
1308 1390 1417 1431 prima
1440 1391 1474 1421 in
1499 1392 1605 1422 sancti
1632 1390 1778 1431 Spiritus
1813 1390 2004 1421 reverentia

162 1446 196 1472 et
227 1440 369 1477 honore,
401 1439 553 1469 secunda
584 1439 619 1469 in
651 1439 842 1470 reverentia
865 1444 901 1470 et
925 1439 1053 1470 honore
1077 1439 1219 1481 virginis
1242 1440 1389 1482 gloriose
1420 1441 1543 1478 Marie,
1575 1441 1681 1472 tercia
1711 1447 1821 1471 autem
1850 1450 1912 1482 pro
1936 1439 2003 1470 illis

160 1489 314 1532 personis
330 1488 417 1520 vivis
429 1489 484 1520 vel
499 1489 674 1520 defunctis
687 1489 721 1519 in
734 1490 969 1521 remissionem
985 1495 1185 1530 pecatorum
1201 1500 1336 1521 suorum
1352 1501 1370 1522 a
1383 1491 1506 1532 quibus
1521 1490 1651 1532 aliquid
1665 1491 1815 1522 indebite
1829 1490 2005 1522 habuisset

95 1540 136 1572 25
161 1541 216 1573 vel
233 1551 316 1582 quas
332 1538 482 1570 indebite
501 1539 718 1571 danificasset
730 1540 766 1571 in
782 1541 937 1581 personis
954 1540 1009 1571 vel
1025 1539 1136 1577 rebus,
1152 1546 1185 1571 et
1198 1547 1318 1582 quarta
1334 1551 1396 1582 pro
1413 1541 1587 1572 animabus
1599 1541 1705 1582 patris
1717 1548 1750 1572 et
1766 1541 1882 1572 matris
1898 1541 2003 1582 ipsius

160 1591 342 1627 testatoris,
359 1591 502 1621 fratrum
519 1596 552 1621 et
569 1600 720 1621 sororum
738 1600 778 1622 ac
794 1590 910 1622 uxoris
927 1591 975 1622 d.e
998 1590 1237 1622 Bertliolaniee
1253 1591 1358 1631 ipsius
1376 1592 1544 1623 testatoris
1568 1598 1600 1622 et
1626 1591 1775 1622 eiusdem
1792 1590 1919 1622 domini
1937 1591 2004 1622 Bo-

161 1640 280 1683 nifacij
298 1641 471 1672 testatoris
495 1646 529 1671 et
553 1641 646 1682 quod
662 1651 723 1681 per
739 1641 831 1682 ipsos
848 1641 993 1672 heredes
1017 1641 1160 1683 singulis
1183 1642 1279 1672 annis
1303 1642 1541 1682 persolventur
1557 1648 1591 1673 et
1608 1642 1758 1682 persolvi
1775 1642 1923 1673 debeant
1939 1642 2003 1682 ipsi

161 1691 353 1734 presbitero
376 1701 440 1732 pro
466 1691 561 1722 dicto
579 1690 696 1722 labore
713 1691 763 1722 sic
787 1691 950 1722 faciendo
975 1697 1008 1722 et
1031 1691 1255 1723 substinendo
1273 1692 1393 1733 viginti
1410 1692 1536 1723 solidos
1554 1691 1686 1723 Mutine
1704 1691 1866 1723 videlicet
1883 1693 2003 1723 decem

161 1742 288 1774 solidos
311 1741 446 1773 Mutine
471 1742 515 1772 ad
547 1741 671 1772 festum
703 1741 889 1773 nativitatis
921 1741 1051 1772 domini
1083 1742 1188 1772 nostri
1213 1741 1312 1772 Ihesu
1339 1740 1463 1773 Christi
1490 1748 1523 1773 et
1548 1742 1694 1783 reliquos
1725 1742 1844 1773 decem
1877 1742 2004 1773 solidos

95 1793 136 1824 30
159 1793 292 1824 Mutine
316 1793 359 1823 ad
384 1792 506 1823 festam
530 1793 704 1833 pasquatis
727 1792 946 1823 resuretionis
971 1792 1003 1823 d.
1036 1792 1143 1823 nostri
1168 1792 1286 1823 Yhesu
1309 1792 1437 1823 Christi
1464 1799 1497 1823 et
1521 1793 1613 1834 quod
1637 1793 1662 1823 si
1688 1793 1833 1823 heredes
1861 1803 2003 1824 recuxa-

158 1843 271 1875 verint
295 1842 349 1874 vel
374 1842 588 1884 neglexerint
612 1842 798 1874 solutiones
812 1841 823 1858 ²
848 1842 1042 1873 huiusmodi
1058 1842 1124 1883 ipsi
1141 1842 1334 1884 presbitero
1357 1843 1472 1873 facere
1489 1849 1526 1874 ut
1550 1843 1679 1874 dictum
1697 1849 1746 1874 est
1763 1853 1805 1873 ex
1823 1854 1914 1875 nunc
1931 1845 2004 1885 ipse

159 1899 303 1925 testator
327 1894 440 1925 eidem
463 1893 655 1934 presbitero
678 1893 830 1934 reliquid
854 1899 960 1924 totum
986 1899 1020 1924 et
1043 1894 1237 1924 universum
1260 1887 1378 1924 fenum
1403 1904 1461 1924 seu
1479 1893 1594 1925 erbam
1613 1895 1754 1925 duarum
1779 1893 2001 1925 bobulcarum

159 1945 336 1976 cuiusdam
360 1944 452 1985 petie
469 1949 559 1975 terre
577 1943 712 1984 prative
735 1943 842 1984 ipsius
865 1944 1038 1974 testatoris
1054 1944 1164 1984 posite
1182 1943 1216 1974 in
1232 1943 1300 1974 vila
1318 1943 1449 1975 Solerie
1467 1945 1500 1974 in
1519 1944 1593 1975 loco
1617 1943 1676 1974 ubi
1693 1943 1821 1974 dicitur
1838 1944 1941 1975 Selva
1960 1945 2003 1976 de

159 1994 266 2025 Lama
281 1999 426 2036 quatuor
443 1993 664 2025 bobulcarum
683 1999 717 2024 et
734 1993 832 2024 unius
857 1993 1019 2035 quartarii
1037 2003 1102 2034 que
1120 1993 1183 2023 fuit
1201 1993 1341 2025 Fabiani
1358 1993 1402 2024 de
1420 1993 1600 2025 Adelaxiis
1624 1994 1793 2024 confinate
1812 1994 1853 2025 ab
1870 2005 1937 2025 uno
1958 1996 2003 2026 la-

95 2044 134 2075 35
159 2049 232 2076 tere
248 2043 394 2075 heredes
410 2043 557 2075 condam
573 2043 605 2074 d.
624 2043 805 2075 Gerardini
830 2043 971 2080 Caxaffi,
990 2043 1031 2074 ab
1057 2044 1122 2075 alio
1146 2044 1290 2075 heredes
1316 2043 1460 2075 condam
1485 2045 1517 2075 d.
1536 2044 1664 2084 donpni
1689 2044 1828 2075 Rodulfi
1852 2043 1895 2075 de
1919 2045 2002 2077 Car-

158 2094 305 2126 nielibus
320 2100 353 2125 et
370 2094 412 2125 ab
430 2094 496 2126 alio
513 2095 626 2125 fovea.
667 2094 710 2125 Et
726 2095 819 2136 quod
835 2094 909 2135 ipse
926 2094 1093 2135 presbiter
1106 2105 1165 2125 sua
1183 2095 1384 2125 auctoritate
1401 2095 1510 2135 ipsum
1528 2095 1644 2126 fenum
1658 2100 1692 2125 et
1705 2093 1820 2125 erbam
1834 2094 1999 2126 dictarum

159 2146 303 2177 duarum
317 2144 540 2176 bobulcarum
554 2151 643 2176 terre
662 2145 767 2186 possit
780 2150 814 2176 et
826 2145 858 2176 ei
871 2144 1003 2176 licitum
1021 2145 1064 2176 sit
1080 2145 1207 2176 habere
1221 2152 1254 2175 et
1267 2145 1448 2186 percipere
1467 2151 1499 2176 et
1511 2146 1546 2176 in
1559 2155 1653 2175 suum
1669 2146 1874 2176 conmodum
1891 2152 1926 2176 et
1939 2147 2001 2177 uti-

159 2196 291 2227 litatem
316 2201 517 2227 convertere
542 2195 694 2227 vendere
711 2201 743 2227 et
761 2195 913 2227 alienare
932 2196 1136 2236 cuicumque
1153 2195 1299 2226 voluerit
1315 2205 1383 2237 quo
1399 2205 1506 2236 usque
1525 2196 1607 2226 dicti
1625 2196 1769 2226 heredes
1786 2195 2002 2238 neglexerint

159 2246 285 2278 dictam
309 2246 534 2277 soluctionem
552 2245 643 2277 dicto
660 2245 850 2287 presbitero
875 2246 1003 2277 facere.
1051 2245 1087 2277 Si
1105 2251 1218 2277 autem
1235 2245 1343 2286 ipsum
1367 2245 1592 2286 presbiterum
1609 2246 1694 2277 mori
1712 2246 1919 2287 contingerit
1944 2257 2003 2278 vo-

95 2297 138 2328 40
162 2297 223 2328 luit
246 2302 280 2328 et
303 2296 451 2339 reliquid
475 2296 578 2328 alium
602 2296 680 2328 loco
712 2296 816 2338 ipsius
840 2296 931 2338 elligi
956 2296 1082 2328 debeat
1105 2296 1148 2327 ad
1179 2295 1310 2328 dictum
1341 2306 1426 2337 opus
1451 2303 1485 2327 et
1508 2296 1653 2327 officium
1677 2303 1843 2337 perpetuo
1869 2297 2000 2328 facien-

163 2347 244 2379 dum
268 2357 331 2389 per
355 2347 500 2379 heredes
524 2357 602 2378 suos
627 2353 662 2378 et
684 2346 766 2388 ipsis
790 2346 1041 2389 negligentibus
1071 2347 1179 2388 ipsam
1211 2346 1411 2378 electionem
1444 2346 1562 2377 facere
1594 2346 1685 2376 infra
1709 2347 1904 2388 quindecim
1929 2346 2003 2378 dies

162 2408 182 2428 a
205 2403 313 2429 morte
337 2398 443 2439 ipsius
465 2397 649 2439 presbiteri
672 2397 969 2429 connumerandos
993 2407 1055 2438 per
1078 2398 1249 2429 ministros
1274 2403 1306 2428 et
1329 2398 1508 2428 massarios
1535 2396 1712 2437 hospitalis
1736 2397 1856 2427 domus
1889 2398 1945 2429 dei
1970 2404 2003 2429 et

166 2447 276 2480 dischi
299 2458 488 2489 pauperum
512 2448 831 2480 verecondoxorum
849 2448 891 2479 de
910 2447 1043 2478 Mutina
1059 2448 1117 2490 qui
1133 2458 1197 2489 pro
1213 2454 1367 2488 tempore
1385 2447 1521 2484 fuerint,
1538 2447 1564 2478 si
1582 2457 1664 2477 vero
1681 2447 1789 2487 ipsum
1813 2449 1999 2478 secundum

167 2497 393 2540 presbiterum
410 2498 495 2530 mori
513 2498 720 2539 contingerit
736 2498 841 2529 voluit
858 2503 892 2529 et
907 2498 1082 2529 mandavit
1098 2498 1198 2530 modo
1215 2497 1316 2529 simili
1333 2497 1432 2528 alium
1451 2497 1578 2528 debere
1596 2497 1677 2539 eligi
1690 2497 1768 2528 loco
1781 2497 1886 2538 ipsius
1902 2499 2001 2529 tertio

91 2547 132 2579 45
158 2553 194 2580 et
217 2547 327 2580 modis
350 2555 384 2580 et
410 2548 667 2580 conditionibus
691 2548 872 2580 antedictis
889 2554 922 2579 et
945 2548 994 2580 sic
1019 2549 1061 2580 de
1078 2548 1220 2591 singulis
1236 2547 1343 2579 voluit
1359 2554 1393 2578 et
1417 2548 1499 2578 iuxit
1517 2548 1589 2578 fieri
1605 2547 1639 2578 in
1656 2554 1866 2588 perpetuum.
1912 2547 1998 2579 Item

165 2608 241 2630 cum
259 2599 423 2630 memoria
440 2599 587 2630 hominis
605 2598 715 2630 labilis
732 2599 854 2630 existat
869 2599 916 2630 ita
933 2599 1026 2640 quod
1042 2609 1111 2631 non
1127 2599 1217 2630 valet
1234 2598 1278 2630 de
1296 2597 1453 2629 omnibus
1470 2597 1595 2629 habere
1612 2598 1807 2629 memoriam
1826 2604 1859 2629 et
1877 2598 1910 2629 in
1927 2599 2002 2640 qui-

158 2649 221 2681 bus
253 2649 379 2681 nedum
404 2659 486 2690 sepe
517 2650 579 2681 sed
610 2649 723 2690 sepius
755 2649 936 2690 delinquid
967 2656 1000 2680 et
1030 2656 1133 2691 pecat
1164 2650 1207 2680 de
1239 2649 1361 2690 quibus
1396 2659 1464 2678 non
1496 2648 1696 2679 recordatur
1727 2653 1760 2678 et
1792 2649 1936 2679 maxime
1966 2649 2001 2679 in

162 2709 242 2731 casu
265 2700 469 2731 infirmitatis
501 2699 556 2730 vel
588 2699 821 2740 dispositionis
852 2710 910 2730 sue
942 2700 1060 2732 ultime
1092 2700 1276 2731 voluntatis
1307 2706 1341 2731 et
1371 2700 1414 2731 ab
1447 2699 1512 2730 hoc
1545 2700 1662 2730 volens
1694 2699 1735 2730 de
1769 2699 1933 2739 predictis
1965 2710 2000 2729 se

160 2750 374 2781 exhonerare
405 2750 440 2780 in
471 2755 580 2780 totum
604 2749 754 2791 reliquid
778 2750 901 2781 voluit*
919 2756 952 2781 et
984 2751 1161 2782 mandavit
1185 2752 1277 2792 quod
1309 2760 1371 2791 per
1403 2750 1546 2780 heredes
1578 2759 1654 2780 suos
1687 2749 1818 2790 integre
1859 2749 2001 2780 satisfiat

96 2799 136 2831 50
161 2806 196 2831 et
225 2800 381 2832 satisfieri
413 2800 537 2831 debeat
569 2799 728 2831 omnibus
761 2806 795 2830 et
826 2801 970 2843 singulis
1006 2812 1024 2831 a
1059 2801 1180 2842 quihus
1211 2801 1406 2842 apparuerit
1439 2799 1610 2842 legiptime
1648 2799 1776 2841 aliquid
1812 2800 1920 2840 ipsum
1957 2799 1999 2829 ab

252 2908 258 2924 ¹
280 2909 395 2933 Lettura
415 2910 530 2933 incerta.
1197 2911 1207 2926 ²
1228 2903 1247 2935 fv]
1273 2914 1371 2936 scritto
1395 2913 1500 2935 solutior.
1514 2914 1537 2936 ⁷.
