2423 3561
546 348 718 385 Accanto
745 363 765 386 a
794 354 910 398 questi
939 356 1077 400 esempi
1107 356 1143 390 di
1171 357 1325 393 assoluta
1353 358 1506 395 identita
1533 361 1704 397 abbiamo
1732 376 1799 410 per
1827 365 1919 401 altro
1956 369 2054 406 neno
2090 376 2205 408 stesso
2241 385 2298 410 se·
2343 397 2345 430 ,ι

458 419 590 449 mestre
620 414 677 450 del
713 417 809 453 1330
838 420 1037 455 narrazioni
1067 421 1126 456 del
1156 423 1321 458 Bazzano
1350 425 1415 459 che
1444 437 1624 461 mancano
1643 428 1677 463 al
1697 430 1856 466 Morano
1876 431 2044 479 (colletta
2060 436 2096 470 in
2114 430 2295 485 Modena,
2343 432 2344 444 ¹

458 491 564 524 presa
593 481 628 516 di
657 470 824 528 Zappino
853 484 949 520 della
978 487 1199 532 Mirandola‚
1229 490 1397 526 sconfitta
1429 491 1464 525 di
1503 492 1671 539 Sorbara,
1709 495 1877 533 Marsilio
1914 499 1970 534 dei
2005 502 2113 538 Rossi
2151 515 2172 538 a
2209 505 2297 540 Cre-

459 544 585 593 mona)
616 558 635 580 e
663 547 752 582 altre
782 549 848 584 che
878 562 943 596 pur
970 553 1125 588 essendo
1155 557 1302 589 comuni
1331 557 1364 591 ai
1393 556 1464 591 due
1494 561 1641 595 cronisti
1671 573 1763 597 sono
1790 563 1878 599 fatte
1908 577 1978 600 con
2007 568 2133 614 parole
2153 570 2297 608 diverse

458 609 653 656 (Rolando
681 625 858 660 veSCOVO,
888 618 1112 654 trebbiatura
1141 632 1206 666 per
1234 621 1267 655 le
1297 620 1385 670 vie).

547 679 606 714 Un
634 679 786 726 viluppo
815 684 986 719 notevole
1017 686 1049 720 ci
1079 693 1296 731 presentano
1324 688 1420 724 nelle
1449 689 1519 725 due
1548 694 1730 728 cronache
1760 695 1793 730 le
1814 699 2014 734 narrazioni
2036 700 2132 747 degli
2152 705 2302 739 avveni-

459 744 569 779 menti
599 746 694 780 eirca
722 747 905 784 Giovanni
934 762 973 784 re
1003 751 1038 785 di
1067 752 1220 787 Boemia
1249 753 1308 788 del
1344 755 1429 790 1331
1453 767 1462 801 3
1492 758 1719 794 mettiamole
1749 762 1926 798 anzitutto
1962 776 1982 798 a
2012 767 2231 804 confronto:

802 878 975 912 BAzzANO
989 893 995 912 ε

540 952 618 977 Tunc
638 953 698 978 Rex
712 956 848 985 Boemiae,
863 959 906 981 cui
923 959 1055 983 traditum
1072 960 1126 984 suit
1136 961 1292 986 dominium
1308 964 1346 986 ci-

454 1001 553 1024 vitatis
573 1002 692 1030 Brixiae,
714 1005 758 1028 die
778 1005 879 1029 ultimo
899 1007 1050 1032 decembris
1071 1010 1142 1040 apud
1164 1011 1251 1041 ipsam
1277 1013 1345 1035 civi·

453 1049 537 1072 tatem
558 1050 672 1075 Brixiae
693 1054 770 1076 venit
789 1056 816 1077 et
837 1056 977 1086 ingressus
999 1057 1052 1080 fuit
1073 1059 1101 1081 in
1129 1059 1204 1082 dicta
1230 1061 1346 1083 civitate

452 1098 604 1129 magnifice.

537 1146 617 1171 Tunc
637 1149 840 1176 ambaxiatores
860 1153 985 1177 Mutinae
1006 1153 1057 1186 [et]
1077 1156 1208 1180 dominus
1228 1157 1346 1181 Manfre-

451 1196 502 1219 dus
530 1196 562 1220 de
591 1197 650 1221 Piis
677 1198 829 1224 honorifice
859 1203 981 1226 sociatus
1010 1204 1042 1227 ad
1071 1205 1175 1228 dictam
1201 1207 1345 1231 cix-itatem

450 1244 564 1268 Brixiae
583 1247 610 1269 et
631 1247 663 1270 ad
683 1248 788 1271 dictum
809 1249 910 1280 Regem
932 1259 992 1275 curn
1014 1253 1215 1278 ambaxiatoris
1232 1255 1346 1280 Parmae

451 1294 477 1315 et
496 1292 577 1324 Regii
599 1297 755 1320 comuniter
775 1302 947 1322 awesserunt
968 1301 1012 1324 die
1033 1301 1114 1325 lunae
1141 1304 1187 1336 xxj
1216 1305 1344 1328 ianuarii.

537 1441 615 1465 Tunc
636 1443 680 1466 die
700 1444 791 1474 prImo
813 1445 943 1470 februarii
970 1447 1132 1472 manfredus
1159 1449 1191 1473 de
1216 1449 1276 1473 Piis
1301 1451 1346 1475 Vi-

450 1490 541 1513 varius
562 1491 589 1513 in
612 1491 722 1516 Mutina
741 1500 792 1524 pro
812 1493 981 1525 Imperatore
1002 1503 1061 1520 cum
1086 1497 1151 1520 aliis
1177 1499 1346 1523 ambaxiato-

450 1538 527 1561 ribus
546 1546 560 1562 a
581 1538 655 1570 Rege
675 1541 706 1564 de
727 1542 823 1565 Brixia
844 1542 982 1567 Mutinam
1004 1545 1145 1569 redierunt

449 1587 475 1609 et
495 1587 540 1610 die
554 1587 643 1617 primo
655 1588 798 1620 februarii
815 1591 946 1615 (lominus
972 1593 1060 1617 Bocca
1085 1595 1118 1618 de
1144 1595 1345 1620 Boccabadatis

451 1634 540 1658 factus
567 1636 621 1659 fuit
647 1638 771 1661 sindicus
795 1640 822 1662 in
850 1639 980 1664 Consilio
1007 1643 1138 1673 generali,
1165 1645 1210 1667 ubi
1234 1645 1345 1669 fuerunt

449 1686 526 1715 cxx-vj
544 1686 710 1714 consiliarii,
731 1688 768 1710 ml
785 1689 897 1712 (laudum
916 1693 943 1721 pt
961 1691 1118 1722 offerendum
1139 1693 1296 1718 dominium
1311 1695 1345 1718 ci-

450 1732 548 1756 vitatis
567 1733 694 1758 Mutinae
715 1736 792 1760 dicto
812 1736 891 1769 Regi.

536 1926 616 1951 Tunc
637 1929 681 1952 die
702 1931 810 1954 veneris
831 1932 881 1964 viij
900 1932 1031 1957 februarii
1048 1935 1252 1961 ambaxiatores
1266 1944 1341 1969 prae·

449 1975 517 1998 dicti
538 1975 623 2007 Regis
645 1978 754 2001 iverunt
775 1978 930 2004 Bononiam
951 1982 983 2004 ad
1006 1982 1138 2013 Legatum
1153 1984 1292 2009 Ecclesiae
1305 1987 1341 2010 ibi

450 2024 625 2048 existentem.

534 2072 613 2096 Tunc
633 2075 677 2097 (lie
698 2078 824 2100 mercurii
854 2079 880 2110 vj
909 2080 1003 2102 marcii
1032 2081 1163 2105 dominus
1189 2081 1283 2106 Guido
1311 2084 1343 2107 de

449 2120 508 2144 Piis
528 2121 657 2146 Vicarius
677 2125 704 2147 in
727 2124 836 2150 Mutina
849 2127 944 2158 sactus
970 2135 1020 2159 pro
1047 2131 1162 2154 domino
1187 2130 1262 2162 Rege
1289 2133 1342 2155 ivit

448 2168 573 2193 Parmam
594 2172 627 2194 ad
648 2172 729 2202 rjfisum
750 2173 851 2205 Regem
876 2178 903 2198 et
930 2178 991 2207 ipso
1017 2178 1061 2201 die
1087 2179 1218 2203 dominus
1244 2181 1342 2204 Petrus

448 2218 574 2242 Marinus
594 2221 768 2245 ambaxiator
789 2223 884 2254 Legati
907 2226 990 2249 rediit
1011 2228 1107 2251 Parma
1127 2236 1141 2252 a
1167 2230 1244 2253 dicto
1268 2229 1342 2262 Rege

447 2268 475 2289 et
496 2268 549 2290 ivit
570 2268 734 2294 Bononiam.

446 2366 524 2394 parte
542 2365 610 2388 dicti
632 2365 717 2397 Regis
744 2369 771 2391 in
800 2369 909 2394 Mutina
936 2373 963 2394 et
989 2373 1089 2396 sindici
1112 2374 1237 2398 Mutinae
1258 2377 1341 2400 redie-

445 2414 509 2435 runt
537 2414 569 2436 ad
597 2414 734 2439 Mutinam
762 2417 858 2441 Parma
885 2426 898 2442 a
925 2420 1001 2443 nicto
1027 2420 1101 2452 Rege
1127 2423 1171 2446 dic
1197 2424 1339 2448 dominiro

446 2468 463 2483 x
483 2463 587 2485 marcii.

531 2773 610 2797 Tunc
630 2775 675 2798 die
696 2776 783 2800 sabati
805 2779 856 2810 xiij
882 2778 991 2810 Aprilis
1012 2782 1153 2811 praefatus
1172 2781 1231 2807 Rex
1252 2786 1337 2810 intra-

443 2822 485 2844 vit
506 2823 534 2844 in
555 2823 670 2847 civitate
689 2823 780 2856 Regii.
793 2845 798 2849 .
812 2845 816 2849 .
830 2845 835 2850 .

529 2869 607 2894 Tunc
637 2872 682 2896 die
708 2874 851 2898 dominico
877 2878 1002 2907 sequenti
1031 2880 1173 2909 praefatus
1200 2880 1338 2906 Iohannes

442 2917 500 2941 Rex
520 2918 648 2944 Boemiac
665 2922 781 2946 intravit
797 2924 940 2948 civitatem
956 2926 1082 2951 Mutinae
1097 2926 1148 2959 [et]
1164 2929 1337 2955 Mutinenses

442 2974 502 2990 cum
523 2969 629 2999 populo
650 2972 676 2993 et
698 2972 848 2999 nobilibus,
870 2974 1012 3006 triumpho
1026 2978 1148 3000 maximo
1163 2979 1291 3002 tubarum
1311 2983 1337 3003 et

1130 223 1185 258 IN
1187 224 1497 262 TRODUZION
1499 229 1532 263 E

467 289 2185 319 ...ιιι-...ηι---ι-..ι-ι-..............-..........-...,.......υ-...-.......,...........-...........,.............-.-....-.η...---.....η...ιι...η-..ιη...η-η.....μη-...ι...μη-...ιυ-
2186 313 2292 323 ............

1753 891 1919 925 Monimo
1935 905 1942 925 :

2329 1021 2368 1052 10

1489 1163 1592 1187 Eodem
1617 1173 1691 1189 anno
1718 1166 1812 1192 Guido
1839 1171 1866 1192 et·
1892 1170 2054 1196 Manfredus
2081 1173 2113 1196 de
2139 1173 2198 1198 Piis
2224 1176 2299 1199 cives

1402 1210 1512 1235 Mutine
1532 1212 1636 1236 Vicarii
1659 1215 1766 1239 domini
1789 1216 1976 1248 Imperatoris.
2015 1218 2072 1247 Qui
2092 1221 2256 1247 Manfredus
2265 1224 2298 1248 de

1401 1259 1460 1283 Piis
1470 1268 1531 1284 cum
1551 1262 1617 1285 aliis
1635 1262 1788 1288 honorifice
1809 1267 1932 1290 sociatus
1953 1269 2006 1292 ivit
2021 1270 2190 1295 ambasiator
2209 1272 2242 1296 ad
2262 1274 2299 1296 ci·
2327 1259 2364 1292 15

1403 1309 1517 1332 vitatem
1539 1310 1632 1334 Brixie
1653 1313 1685 1335 ad
1707 1312 1809 1343 Regem
1828 1314 1961 1339 Ioannem
1980 1317 2092 1341 Boemie
2112 1318 2223 1350 Regem,
2237 1328 2298 1344 cum

1401 1358 1635 1383 ambasiatoribus
1655 1360 1846 1386 Parmensium
1861 1366 1887 1387 et
1902 1364 2083 1396 Regiensium
2103 1368 2148 1392 die
2168 1368 2233 1393 lune
2247 1371 2296 1403 xxj

1402 1407 1536 1430 ianuarii.

1488 1455 1567 1479 Tunc
1591 1457 1636 1480 die
1663 1460 1772 1483 veneris
1798 1461 1890 1491 primo
1918 1462 2050 1487 februarii
2078 1464 2241 1490 Mansredus
2265 1467 2299 1491 de

1400 1502 1459 1526 Piis
1479 1504 1609 1528 Vicarius
1629 1505 1738 1530 Mutine
1759 1515 1819 1531 cum
1840 1509 1905 1533 aliis
1926 1511 2160 1537 ambasiatoribus
2184 1522 2199 1538 a
2224 1513 2300 1546 Rege
2323 1505 2366 1536 20

1401 1551 1541 1576 Mutinam
1562 1562 1590 1577 ex
1612 1555 1704 1579 Brixia
1726 1557 1868 1581 redierunt

1399 1602 1426 1623 et
1447 1603 1512 1624 tunc
1532 1602 1576 1625 die
1602 1604 1692 1627 sabati
1714 1606 1825 1629 secundo
1844 1606 1988 1638 februarii
2013 1610 2152 1634 dominium
2177 1612 2299 1636 civitatis

1401 1650 1505 1673 sslutinc
1523 1652 1613 1675 datum
1625 1653 1688 1684 siclt
1707 1655 1775 1678 dicto
1796 1655 1873 1686 Regi
1890 1658 1916 1680 et
1936 1657 2067 1682 dominus
2080 1659 2171 1684 Bucca
2184 1661 2217 1684 de
2230 1661 2297 1685 Buc-

1400 1698 1542 1723 cabadati's
1564 1700 1653 1724 sactus
1676 1702 1729 1726 fuit
1749 1704 1874 1728 sindicus
1894 1705 1927 1728 ad
1947 1705 1999 1729 hoc
2020 1708 2047 1730 et
2067 1709 2224 1732 consiliarii
2241 1710 2297 1734 sue-

1400 1752 1463 1771 runt
1484 1748 1558 1772 ultra
1577 1751 1654 1774 cclxx.
1669 1751 1715 1781 qni
1726 1752 1841 1776 dominus
1856 1754 1944 1778 Bur-ca
1958 1756 1990 1778 (le
2012 1756 2206 1782 Buccabadatis
2218 1759 2298 1782 sindi—
2321 1745 2361 1778 25

1398 1801 1443 1819 :ms
1463 1798 1576 1821 comunis
1596 1799 1702 1822 Mutine
1721 1808 1776 1823 cum
1803 1802 1904 1826 domino
1931 1803 2072 1835 Bonisacio
2098 1806 2130 1828 de
2157 1806 2299 1831 Caretanis

1399 1845 1518 1869 notarius
1537 1846 1619 1876 zpsius
1638 1849 1751 1872 comunis
1770 1850 1875 1874 Mutine
1894 1852 2003 1876 iverunt
2021 1854 2058 1876 ad
2069 1855 2221 1884 predictum
2245 1856 2296 1879 Re-

1395 1902 1458 1924 gem
1479 1895 1516 1918 ad
1533 1897 1689 1920 tradendum
1711 1898 1736 1921 ei
1755 1899 1895 1923 dominium
1916 1901 2038 1926 civitatis
2057 1902 2177 1927 eiusdem.

1485 2087 1519 2111 Et
1535 2089 1579 2112 die
1595 2091 1724 2114 mercurii
1738 2093 1818 2115 sexto
1833 2094 1936 2117 mensis
1950 2095 2043 2118 martii
2056 2095 2187 2120 dominus
2197 2096 2293 2122 Guido

1397 2136 1430 2159 de
1449 2136 1508 2160 Piis
1529 2137 1657 2162 vicarius
1678 2140 1706 2162 in
1727 2141 1844 2164 civitate
1865 2141 1974 2166 Mutine
1993 2149 2045 2174 pro
2059 2144 2136 2168 dicto
2149 2143 2224 2177 Rege
2239 2147 2293 2170 ivit

1397 2184 1522 2208 Parmam
1543 2187 1576 2209 ad
1597 2187 1693 2211 dictum
1713 2186 1815 2219 Regem
1835 2192 1862 2212 et
1883 2191 1942 2221 ipsa
1968 2191 2013 2214 die
2039 2192 2168 2217 dominus
2194 2193 2293 2219 Petrus

1397 2233 1522 2257 Marinus
1543 2235 1712 2259 ambasiator
1732 2236 1829 2267 Legati
1852 2238 1935 2261 rediit
1955 2238 2053 2263 Parma
2074 2248 2089 2264 a
2115 2241 2192 2266 dicto
2217 2241 2292 2274 Rege
2316 2234 2357 2267 35

1396 2284 1422 2305 et
1445 2283 1496 2305 ivit
1518 2283 1682 2307 Bononiam.

1395 2380 1490 2409 treuga
1513 2387 1546 2402 ex
1567 2382 1644 2410 parte
1664 2381 1731 2404 dicti
1754 2381 1838 2413 Regis
1859 2384 1887 2406 in
1908 2385 2024 2408 civitate
2044 2385 2154 2410 Mutina
2173 2389 2201 2410 et
2223 2389 2291 2412 tune

1401 2428 1483 2451 (suida
1494 2429 1525 2451 de
1538 2428 1595 2452 l'iis
1618 2429 1734 2453 Vir-arius
1748 2431 1815 2454 dicti
1828 2432 1915 2463 Regis
1925 2437 1951 2456 et
1964 2433 2064 2457 sindici
2081 2434 2190 2459 Mutine
2204 2437 2290 2460 redie-

1396 2478 1460 2499 runt
1475 2476 1613 2500 Mutinam
1629 2477 1726 2502 Parma
1741 2487 1755 2502 a
1770 2479 1846 2503 dicto
1861 2479 1935 2511 Rege
1955 2482 1999 2505 die
2013 2482 2157 2507 dominico
2175 2485 2202 2517 xj
2220 2484 2289 2517 [leg-
2318 2482 2359 2513 40

1391 2525 1458 2555 gast*
1477 2524 1506 2556 x]
1529 2527 1633 2550 martii.
2161 2526 2164 2527 ⁷

1481 2573 1515 2597 Et
1535 2576 1601 2598 tunc
1622 2576 1667 2599 die
1687 2578 1784 2600 martis
1799 2579 1883 2610 xviiij
1899 2580 1993 2603 martii
2009 2579 2172 2605 Manfredus
2186 2581 2218 2605 de
2229 2581 2289 2606 Piis

1394 2621 1523 2646 Vivarius
1544 2624 1571 2646 in
1592 2623 1703 2648 Mutina
1724 2632 1775 2656 pro
1795 2627 1905 2657 prefato
1925 2626 1998 2659 Rege
2020 2629 2073 2652 ivit
2100 2629 2226 2654 Parmam
2253 2631 2287 2654 ad

1394 2670 1499 2693 dictum
1523 2670 1624 2702 Regem
1653 2674 1680 2695 et
1711 2674 1774 2697 inde
1801 2675 1884 2698 rediit
1914 2676 1959 2699 die
1989 2677 2063 2700 iovis
2089 2679 2192 2710 xxviiij
2220 2677 2288 2711 [legs

1389 2719 1456 2749 gast*
1476 2718 1580 2752 xxviij]
1600 2722 1703 2744 martii.
2311 2726 2353 2759 45

1479 2885 1514 2909 Et
1534 2886 1578 2909 die
1606 2887 1748 2911 dominico
1774 2891 1901 2920 proxime
1928 2893 2052 2922 sequenti
2079 2893 2205 2924 prefatus
2227 2893 2286 2918 Rex

1393 2933 1511 2957 intravit
1527 2934 1672 2963 Mutinam,
1689 2936 1896 2962 Mutinensibus
1909 2947 1970 2962 cum
1985 2941 2090 2971 populo
2104 2943 2131 2965 et
2143 2942 2286 2966 nobilibus

1391 2981 1523 3005 universis
1541 2991 1596 3005 cum
1617 2984 1730 3012 vexillis,
1745 2986 1832 3015 paliis
1850 2990 1877 3010 et
1894 2987 2031 3018 hugardis,
2050 2989 2117 3013 ilari
2131 2991 2235 3021 gaudio
2260 2994 2287 3015 et
2308 2985 2350 3018 50
