2423 3561
441 270 523 306 CVI
591 270 642 305 IN
668 269 926 317 JOHANNIS
956 271 1024 306 DE
1052 269 1271 305 BAZANO
1305 268 1605 304 PRAEFATIO
1635 268 1681 303 L.
1710 268 1760 303 A.
1792 268 2092 305 MURATORJI

426 342 2251 351 ........................................................................................................................................................................................................

437 401 489 425 illo
508 401 754 425 commemoratum
775 407 830 424 non
852 401 977 424 invenio.
1016 400 1169 424 Deducitur
1190 402 1282 423 autem
1302 400 1430 424 Historia
1450 400 1516 424 haec
1535 400 1569 422 ab
1589 400 1675 423 Anno
1700 405 1772 429 1002,
1792 406 1877 429 usque
1891 399 1925 422 ad
1945 399 2058 423 Annum
2081 398 2156 430 1363,
2170 399 2264 429 ibique

436 457 492 473 non
512 450 594 473 unius
614 451 723 473 tantum
745 449 828 473 Urbis
848 449 1017 473 Mutinensis
1038 456 1079 472 res
1099 450 1273 476 enarrantur,
1300 449 1346 472 sed
1368 447 1391 471 δι
1411 448 1603 477 finitimarum,
1623 448 1664 471 ita
1683 450 1714 472 ut
1736 449 1763 471 in
1785 448 1911 471 omnium
1938 448 2092 471 utilitatem
2116 447 2266 471 concedere

436 498 527 529 possit
547 497 624 521 illius
644 497 743 521 editio.
782 496 863 524 Quod
885 504 951 521 vero
967 499 995 520 in
1011 498 1108 528 primis
1128 497 1289 529 hujusmodi
1307 497 1412 521 foetum
1428 497 1508 520 nobis
1527 496 1722 520 commendare
1742 497 1842 528 potest.
1864 496 1972 520 Auctor
1985 496 2064 520 illius
2077 495 2176 519 Seculo
2189 495 2262 522 xw.

434 546 536 574 floruti,
556 546 698 576 multaque
716 548 865 577 propterea
886 549 989 575 narrat,
1003 553 1120 577 quorum
1136 546 1214 569 testis
1230 546 1288 577 ipse
1309 545 1371 569 suit.
1408 545 1451 569 Ita
1472 545 1520 568 ille
1534 546 1566 568 ad
1582 545 1696 568 Annum
1718 552 1792 577 1359.
1832 545 1869 569 ΕΙ
1888 553 1937 576 ego
1959 544 2094 575 Johanncs
2108 545 2140 568 de
2155 545 2263 568 Baztmo

436 595 493 618 vidi
511 595 536 617 1'11
556 595 683 625 aliquibus
703 594 765 617 locis
786 595 913 618 Civitatis
934 595 1055 617 Ᾰίηίίηαε
1075 600 1170 617 montes
1190 594 1288 617 nivium
1304 597 1356 624 per
1375 602 1450 618 unum
1463 595 1594 618 brachium
1609 593 1681 624 (heic
1702 593 1821 617 fortasse
1840 591 1978 626 sphalma)
1998 594 2129 617 domorum
2149 597 2263 624 tangere

431 643 566 673 grondina
587 641 619 665 &³
639 642 777 665 stillicidia
797 646 933 671 superare.
970 642 1040 665 Tum
1063 643 1148 666 Anno
1172 641 1244 674 1361,
1258 642 1449 674 pestilentiam
1470 642 1636 669 describens,
1650 649 1719 673 quae
1734 642 1835 665 multas
1854 641 1954 665 Italiae
1975 641 2061 665 Urbes
2081 648 2114 664 eo
2135 644 2262 673 tempore

434 690 543 717 afflixit,
566 690 630 713 haec
651 689 745 713 addit:
760 694 842 719 prou!
862 699 910 721 ego
933 690 1067 720 Johwmes
1082 692 1113 713 dc
1129 692 1235 714 Bamao
1249 691 1344 714 audivi
1357 691 1388 714 ab
1402 691 1597 722 alt'qm'busfide
1611 691 1700 721 dignis
1711 690 1758 714 Rc.
1788 690 1885 721 Itaque
1898 690 2041 713 Historiae
2055 689 2136 722 huJ'us
2156 690 2266 713 Auctor

435 738 490 762 suit
512 738 645 768 Joltamtes
660 739 691 761 de
706 739 820 768 Emeum,
843 739 923 762 Civis
944 738 1122 762 Mutinensis.
1162 741 1296 763 Batauum
1317 739 1470 763 Castellum
1490 740 1531 762 est
1550 739 1584 762 ad
1598 740 1749 762 torrentem
1770 738 1931 762 Samodiam
1951 739 2044 767 situm,
2065 738 2139 769 quod
2160 738 2189 761 in
2204 737 2264 762 Mu-

434 787 554 810 tinensis
574 786 679 817 Populi
699 787 808 810 ditione
828 795 875 817 pei·
895 788 974 819 plura
995 787 1092 811 Secula
1112 790 1202 813 stetit:
1224 788 1269 811 sed
1292 787 1356 811 inde
1377 787 1458 810 bellis
1483 787 1676 818 grassantibus
1695 787 1832 815 avulsum,
1853 786 1901 810 diu
1920 788 1960 810 cst
1981 786 2054 818 quod
2076 787 2263 810 Bononiensis

435 834 571 858 Civitatis
592 835 711 866 imperio
731 837 818 867 paret.
855 835 909 858 Pro
930 842 1006 859 more
1028 836 1140 859 illorum
1161 838 1327 868 temporum,
1343 843 1397 867 quo
1413 835 1550 859 Familiae
1573 836 1676 859 multae
1690 842 1705 859 a
1720 835 1852 859 Castellis
1873 835 1991 866 aliisque
2010 835 2081 859 locis
2095 841 2263 866 cognomen-

437 885 495 906 tum
516 890 593 906 suum
614 890 741 913 sumsere,
761 883 917 916 Majoribns
944 891 1052 915 quoqne
1072 885 1210 908 liistorici
1234 884 1314 916 hujus
1335 892 1349 907 a
1370 885 1483 908 Bazano
1505 884 1638 911 Castello,
1659 884 1706 907 ubi
1727 884 1796 907 olim
1817 884 1837 907 ii
1860 883 2033 911 habitabant,
2053 890 2209 915 cognomen
2225 890 2267 907 ac-

435 932 526 955 cessit.
546 931 646 954 Adhuc
666 932 756 955 autem
776 932 912 961 Mutinae,
940 933 1083 961 x'ineolae,
1103 940 1135 956 ac
1157 934 1185 955 in
1207 933 1271 956 aliis
1291 932 1463 956 Mutinensis
1489 933 1550 963 agri
1576 932 1648 956 locis
1675 932 1795 956 Familia
1815 932 1858 955 ἄρ’
1878 933 1988 962 Bazam',
2011 932 2079 955 olim
2099 933 2131 955 de
2151 932 2266 962 Bazano,

433 979 573 1012 perdurat.
611 979 704 1010 Neque
725 979 800 1003 aliud
822 980 890 1003 mihi
912 980 944 1003 de
963 979 1108 1012 Scriptore
1122 981 1177 1004 isto
1192 981 1339 1004 dicendum
1355 981 1488 1013 suppetit,
1508 988 1592 1012 quum
1613 988 1699 1012 neque
1714 980 1746 1004 de
1760 988 1787 1004 se
1802 981 1865 1012 Ipso
1886 980 2037 1012 quidquam
2051 980 2101 1004 ille
2114 980 2268 1013 scripserit,

435 1028 562 1058 nihilque
581 1028 614 1051 de
628 1035 660 1051 eo
675 1029 856 1052 monumenta
872 1030 982 1052 nostrae
997 1029 1080 1053 Urbis
1094 1030 1254 1053 exhibeant.
1292 1029 1381 1053 Porro
1397 1029 1538 1060 Johannes
1553 1029 1585 1052 de
1599 1029 1708 1053 Bazano
1722 1029 1894 1053 Historicum
1910 1036 1937 1053 se
1953 1029 2048 1061 prodit
2063 1035 2149 1060 neque
2168 1028 2267 1052 indili-

433 1078 552 1108 gentem.
572 1083 658 1107 neque
670 1076 770 1108 judicii
792 1077 949 1108 indignum,
964 1085 994 1100 ac
1009 1078 1094 1101 libere
1114 1085 1182 1109 quae
1197 1079 1283 1101 sentit
1303 1079 1423 1110 profert:
1449 1079 1522 1108 quod
1538 1077 1699 1111 praesertim
1713 1078 1921 1102 animadvertas
1945 1078 1978 1101 ad
1999 1077 2114 1101 Annum
2130 1082 2204 1110 1347,
2219 1077 2266 1100 ubi

432 1127 510 1157 gesta
524 1132 539 1148 a
554 1124 702 1148 Ludovico
722 1125 881 1156 Hungariae
901 1125 974 1158 Rege
995 1127 1024 1149 in
1045 1126 1142 1158 Regno
1164 1127 1353 1158 Neapolitano
1374 1128 1505 1150 recenset.
1544 1125 1627 1153 Quod
1647 1129 1739 1150 autem
1767 1128 1807 1149 est
1820 1126 1855 1150 ad
1869 1133 1909 1154 ea,
1923 1133 1992 1157 quae
2008 1127 2031 1149 is
2044 1126 2109 1150 ante
2128 1125 2188 1149 dies
2201 1132 2267 1149 suos

434 1172 562 1198 Mutinae
582 1175 693 1205 peracta
713 1176 832 1198 enarrat.
848 1174 908 1206 ipsa
928 1182 1036 1206 quoque
1057 1182 1114 1199 non
1130 1175 1249 1198 minoris
1270 1175 1399 1199 facienda
1413 1177 1488 1203 sunt,
1508 1176 1606 1207 utpote
1621 1175 1747 1199 derivata
1761 1182 1775 1198 e
1789 1175 2016 1206 praesedentibus
2030 1174 2167 1198 Historiis
2186 1172 2269 1198 Certe

433 1222 467 1246 ad
480 1222 594 1246 Annum
609 1221 718 1246 Christi
735 1228 809 1253 1312.
842 1223 936 1247 Lunae
948 1224 1095 1251 defectum,
1109 1222 1131 1246 &
1147 1224 1341 1255 subsequutam
1353 1224 1510 1248 violentam
1524 1223 1595 1247 aeris
1610 1223 1850 1256 perturbationem
1864 1223 1978 1247 tradens
1991 1223 2150 1247 Histoi-icus
2165 1224 2268 1252 noster,

434 1270 544 1294 subdit:
561 1271 598 1294 Et
611 1270 658 1294 ille
673 1271 698 1293 F
697 1274 772 1294 mter
783 1271 814 1294 de
831 1272 955 1294 Ordinem
968 1272 1108 1302 imum-mn,
1122 1273 1167 1304 qui
1174 1273 1263 1303 primo
1274 1274 1336 1296 haec
1346 1273 1460 1303 scripsit,
1474 1272 1541 1296 dixit
1549 1281 1576 1297 se
1590 1272 1689 1296 vidisse
1700 1270 1837 1299 Quisnam
1851 1272 1935 1296 fuerit
1946 1271 2105 1295 Historicus
2116 1271 2170 1295 iste
2182 1269 2268 1295 Muti-

432 1320 534 1342 nensis
558 1319 585 1342 in
606 1318 749 1342 Minorum
770 1318 877 1343 Ordine
897 1319 957 1344 Deo
978 1320 1114 1350 militans,
1129 1321 1197 1344 mihi
1215 1321 1339 1345 nondum
1360 1322 1486 1354 detegere
1505 1321 1597 1346 licuit.
1633 1320 1764 1345 Ceterum
1779 1321 1919 1352 Johannis
1933 1320 1966 1344 de
1980 1321 2092 1345 Bazano
2112 1319 2165 1344 hoe
2178 1319 2264 1344 etiam

433 1367 572 1395 debemus,
592 1367 668 1398 quod
688 1368 814 1391 omnium
828 1367 1002 1392 potestatum
1016 1370 1076 1393 sive
1089 1369 1253 1394 Praetorum
1280 1369 1485 1394 Mutinensium
1506 1370 1622 1395 nomina
1635 1370 1856 1401 diligentissime
1870 1369 2026 1401 collegerit.
2063 1367 2164 1402 Adjeci
2177 1366 2201 1391 8:
2213 1374 2266 1401 ego

432 1416 462 1439 in
483 1415 557 1439 calce
578 1414 747 1448 Catalognm
768 1415 934 1445 Consulum,
952 1417 1127 1449 aliorumque
1148 1418 1364 1450 Magistratuum
1383 1417 1566 1450 Reipublicae
1586 1417 1766 1448 Mutinensis,
1789 1419 1928 1449 quotquot
1947 1418 2129 1441 occurrerunt
2151 1416 2222 1440 mihi
2236 1416 2266 1440 in

432 1464 550 1488 vetustis
571 1464 678 1488 duobus
698 1464 836 1496 Registris
857 1472 939 1489 manu
958 1467 1089 1495 exaratis
1108 1473 1177 1497 quae
1196 1466 1289 1490 eadem
1311 1467 1478 1498 Respublica
1499 1467 1637 1491 adservat.

2300 840 2332 858 10

2301 1083 2330 1108 15

2296 1323 2329 1343 ²0
