2423 3561
453 249 542 285 LIV
1125 249 1181 284 IN
1183 248 1526 285 TRODUZIONE

797 379 983 412 BAzzAno:
1745 380 1908 412 Monimo
1917 391 1923 410 :

1391 451 1435 472 tus
1454 449 1585 472 dominus
1604 449 1753 482 Vercusius
1772 450 1805 473 de
1825 450 1901 473 dicto
1920 450 2007 481 burgo
2022 449 2162 474 Citanove
2177 456 2204 473 se
2223 456 2284 472 cum

1392 498 1468 521 dicto
1488 499 1611 521 exercitu
1633 499 1782 529 separavit,
1797 500 1843 529 qui
1858 501 1939 522 erunt
1953 500 2025 523 circa
2040 507 2154 523 numero
2166 499 2199 523 lc‘
2211 500 2286 530 equi-

1391 548 1450 569 tum
1470 546 1646 573 bellatorum,
1668 547 1722 570 fere
1742 547 1870 571 domibus
1889 548 1957 571 dicti
1979 548 2058 579 burgi
2079 549 2208 571 crematis
2234 554 2285 579 pro

1393 595 1492 618 maiori
1513 597 1599 625 parte,
1619 596 1771 626 peremptis
1795 596 1861 618 hinc
1888 596 2015 627 pluribus
2035 599 2091 620 tam
2112 598 2140 620 in
2165 597 2287 620 introitu
2337 588 2355 620 5

1393 642 1461 666 dicti
1482 643 1562 673 burgi
1583 650 1664 674 quam
1685 644 1750 667 aliis
1775 644 1902 674 pluribus
1922 645 2030 668 vicibus
2049 653 2124 669 more
2144 645 2230 669 solito
2257 646 2286 668 in

1394 691 1535 714 similibus
1554 692 1728 715 decertando.

539 742 623 764 Dicto
636 739 782 772 [tempore]
793 742 889 772 paucis
902 741 1005 772 elapsis
1018 742 1114 765 diebus
1128 741 1234 764 milites
1248 740 1339 763 Eccle-
1483 739 1550 763 Post
1576 740 1636 763 dies
1662 740 1771 771 aliquos
1798 741 1869 764 idem
1896 742 2027 765 dominus
2053 742 2202 775 Verqusius
2227 748 2288 765 cum

452 792 508 815 siae
530 791 640 813 iverunt
661 791 689 812 in
710 789 822 812 obsessu
842 791 924 812 castri
945 790 977 813 de
998 789 1090 820 Carpo
1109 792 1135 813 et
1150 790 1188 812 ibi
1205 792 1340 812 steterunt
1396 788 1589 818 stipendiariis
1603 791 1629 810 et
1649 789 1814 812 extrinsecis
1828 782 1937 812 >lmine
1953 790 1985 812 ad
1999 792 2119 813 castrum
2134 789 2218 821 Carpi
2233 791 2290 813 ten-

451 846 499 870 per
519 838 628 868 aliquos
647 838 706 861 dies
725 838 912 861 comburendo
932 839 960 860 in
983 838 1061 860 villis
1075 836 1159 868 Carpi
1175 837 1248 860 ultra
1263 839 1340 868 quasi
1397 837 1470 859 didit
1491 837 1519 859 in
1541 837 1690 861 obsessum.
1712 837 1813 860 ibidem
1827 844 1875 868 per
1889 838 1947 861 dies
1962 837 2071 869 aliquos
2082 838 2307 866 commorando„
2321 830 2360 861 10

453 888 479 919 vj
511 888 605 909 centas
625 886 723 909 domus
742 888 768 909 et
790 887 816 908 in
845 886 909 909 aliis
937 886 1014 908 villis
1041 886 1286 909 circumstantibus
1314 887 1341 908 in
1398 886 1484 915 ipsam
1506 886 1606 907 terram
1627 884 1711 916 Carpi
1734 893 1747 908 a
1768 888 1858 908 castro
1878 888 1957 909 extra
1977 888 2003 909 et
2025 886 2108 909 villas
2127 886 2250 910 eiusdem
2263 887 2291 909 et

453 936 574 958 maxima
593 935 750 965 quantitate
770 935 891 965 undique
911 935 1093 958 derobando..
1108 933 1150 957 ..¹
1399 933 1482 956 villas
1502 932 1616 955 Limitis
1635 935 1662 956 et
1682 932 1787 956 Sole-rie
1807 936 1834 956 et
1854 933 1924 957 alias
1941 935 2152 958 circumstantes
2171 934 2292 965 depopu—

1399 981 1483 1005 lando
1512 982 1539 1004 et
1568 981 1642 1004 ultra
1668 984 1827 1005 sexcentum
1854 982 1952 1005 domos
1978 983 2007 1005 in
2033 983 2159 1014 carpensi
2186 983 2290 1006 diocesi

1399 1030 1602 1053 concremando
1621 1032 1648 1053 et
1669 1031 1698 1053 in
1719 1030 1783 1053 aliis
1803 1031 2048 1057 circumstantibus
2068 1031 2147 1054 villis
2172 1031 2293 1055 maxima

1400 1079 1566 1109 quantitate.
1578 1097 1583 1102 .
1596 1097 1601 1102 .
1614 1097 1619 1102 .
1631 1076 1641 1093 ²
2325 1057 2362 1090 15

540 1128 625 1152 Dicto
645 1130 769 1159 tempore
789 1130 908 1152 castrum
929 1128 1042 1152 Guiliae
1061 1131 1087 1151 et
1101 1130 1221 1152 castrum
1236 1129 1343 1152 Marani
1487 1125 1522 1149 Et
1541 1127 1618 1149 dicto
1638 1127 1722 1149 etiam
1743 1129 1866 1158 tempore
1886 1128 1976 1150 castra
1996 1127 2104 1151 Marani
2125 1127 2158 1151 de
2184 1126 2295 1159 Campi-

455 1177 488 1200 de
507 1176 650 1208 Campilio
670 1178 734 1201 data
756 1177 866 1201 fuerunt
886 1179 963 1208 genti
984 1177 1131 1200 Ecclesiae,
1405 1175 1443 1197 lio
1464 1178 1490 1198 et
1516 1173 1612 1198 Guilie
1632 1174 1755 1198 Ecclesie
1782 1176 1875 1206 legato
1901 1176 2028 1206 predicto
2054 1183 2102 1207 per
2127 1177 2296 1199 intrinsecos

1404 1224 1527 1254 ipsorum
1547 1225 1701 1246 castrorum
1722 1223 1835 1247 fuerunt
1854 1224 1958 1247 tradita
1978 1231 2025 1255 per
2045 1224 2230 1248 concordiam.

549 1332 689 1370 Questo
716 1331 904 1376 rasti-outo,
935 1332 1071 1377 meglio
1100 1332 1136 1366 di
1165 1318 2176 1380 qualsiasi1·agionament0,dimostralaindipendenza
2204 1333 2299 1369 delle

463 1396 533 1431 due
564 1398 767 1442 cronache3
796 1409 816 1431 e
844 1398 874 1432 la
903 1398 1075 1434 diversita
1104 1399 1287 1442 continua,
1317 1411 1382 1445 per
1411 1410 1485 1433 non
1505 1399 1582 1435 dire
1602 1399 1668 1434 che
1689 1400 1717 1434 si
1737 1404 1923 1443 accentua‚
1943 1411 2009 1446 per
2028 1400 2198 1446 parecchi
2216 1400 2301 1434 anni
2328 1403 2370 1434 20

463 1463 499 1498 cli
527 1464 598 1509 poi.
629 1463 716 1498 Cosi
746 1464 778 1498 al
814 1463 908 1501 1327
938 1465 962 1497 il
992 1465 1158 1499 Bazzano
1189 1466 1209 1499 e
1237 1466 1329 1500 assai
1350 1465 1410 1511 piu
1429 1466 1531 1501 ricco
1552 1465 1587 1500 di
1607 1465 1696 1509 fatti,
1717 1465 1924 1501 mancando
1952 1466 2012 1500 nel
2041 1466 2198 1502 Morano
2218 1466 2301 1502 tutti

461 1529 570 1576 quelli
599 1528 659 1563 del
688 1530 851 1564 secondo
879 1536 1083 1575 semestre3
1113 1543 1133 1565 e
1162 1543 1227 1577 per
1254 1531 1278 1565 il
1306 1532 1436 1578 primo,
1466 1532 1587 1567 alcuni
1615 1533 1861 1567 avvenimenti
1889 1544 1981 1567 sono
1999 1534 2133 1567 narrati
2152 1531 2211 1568 dai
2230 1532 2301 1567 due

462 1595 609 1629 cronisti
638 1607 709 1630 con
746 1596 870 1641 parole
906 1596 963 1631 del
999 1603 1095 1632 tutto
1132 1597 1275 1632 diverse
1313 1610 1332 1632 e
1370 1609 1443 1632 con
1480 1598 1676 1633 differenze
1713 1598 1842 1644 grandi
1879 1599 1935 1633 nei
1972 1599 2181 1645 particolari
2221 1598 2302 1647 (per

461 1662 636 1707 esempio,
665 1662 690 1695 il
720 1663 901 1697 tentativo
931 1662 966 1696 di
997 1663 1235 1699 Tommasino
1264 1664 1311 1698 da
1339 1664 1511 1699 Gorzano
1531 1664 1567 1699 di
1587 1664 1674 1699 dare
1694 1664 1858 1699 Modena
1875 1664 1945 1699 alla
1965 1665 2106 1710 Chiesa‚
2126 1665 2160 1700 la
2181 1666 2302 1711 priva-

458 1728 566 1761 zione
595 1727 653 1762 del
683 1727 850 1763 dominio
880 1728 939 1763 dei
967 1729 1230 1777 Bonaccolsi);
1260 1731 1295 1764 in
1324 1730 1404 1764 altri
1434 1731 1505 1765 casi
1534 1732 1570 1765 vi
1599 1742 1691 1765 sono
1721 1731 1918 1767 differenze
1936 1731 2090 1767 notabili
2117 1732 2176 1766 nei
2205 1731 2305 1766 nomi
2333 1729 2377 1766 25

459 1792 512 1841 (p.
533 1804 582 1828 es.
604 1793 628 1827 il
655 1794 823 1828 Bazzano
842 1795 887 1829 ha
905 1795 1062 1830 Alberto
1092 1795 1134 1830 de
1154 1796 1301 1830 Solaria
1320 1809 1339 1831 e
1358 1803 1466 1842 porta
1495 1796 1621 1831 Sancti
1646 1796 1780 1835 Pauli,-
1801 1797 1825 1832 il
1845 1797 2007 1832 Morano
2030 1796 2078 1832 A.
2099 1797 2140 1831 de
2159 1796 2302 1833 Solm'a

458 1870 478 1892 e
497 1871 533 1904 p.
563 1859 787 1907 semmaa),
817 1873 838 1895 e
866 1863 980 1895 anche
1011 1860 1231 1908 divergenza
1259 1862 1296 1897 di
1325 1863 1501 1897 metod0:
1531 1875 1596 1909 per
1623 1864 1745 1908 ipatti
1773 1869 1828 1899 tra
1855 1863 2021 1899 Modena
2049 1875 2069 1898 e
2093 1864 2117 1898 il
2137 1863 2301 1899 cardinal

459 1925 660 1960 Bertrando
689 1926 734 1962 de
764 1927 897 1972 Poujet
926 1927 949 1961 il
978 1928 1144 1962 Bazzano
1173 1929 1207 1962 fa
1237 1927 1528 1974 un'esposizione
1557 1929 1679 1964 sobria
1708 1940 1728 1963 e
1756 1929 1982 1974 riassunfiva,
2011 1936 2153 1964 mentre
2172 1929 2196 1964 il
2215 1929 2301 1965 Mo-

457 2003 546 2025 rano
574 1992 734 2027 riferisce
763 1992 1019 2028 distesamente
1048 1994 1060 2028 i
1079 1994 1210 2040 singoli
1232 1995 1374 2029 articoli
1396 1995 1492 2030 della
1513 1995 1775 2038 convenzione,
1796 2000 1838 2030 ut
1855 2000 1991 2031 constat
2003 1995 2151 2041 publico
2169 1995 2302 2030 instru-

461 2061 584 2092 mento.
615 2059 760 2093 Nessun
787 2059 968 2094 riscontro
997 2061 1016 2093 e
1045 2060 1220 2106 possibile
1247 2072 1313 2106 per
1340 2061 1365 2095 il
1400 2061 1508 2104 1328,
1540 2061 1672 2107 poiche
1701 2073 1765 2107 per
1793 2062 2008 2107 quest’anno
2037 2073 2169 2098 manca
2197 2062 2299 2109 qual·
2327 2066 2368 2097 30

458 2123 538 2157 siasi
568 2124 780 2158 narrazione
808 2125 866 2159 nel
895 2126 1081 2171 Moran0;
1110 2138 1170 2161 ma
1198 2138 1263 2173 per
1289 2127 1314 2161 il
1347 2127 1436 2162 1329
1465 2129 1493 2162 si
1513 2129 1713 2173 ripresenta
1733 2127 1767 2161 la
1787 2134 1899 2163 stessa
1918 2127 2186 2174 indipendenza
2204 2128 2300 2164 delle

460 2189 529 2223 due
560 2190 765 2235 cronache3
794 2190 827 2225 la
856 2191 916 2236 piu
944 2197 1047 2236 pane
1077 2191 1177 2238 degli
1205 2193 1451 2227 avvenimenti
1480 2194 1612 2228 narrati
1641 2193 1700 2228 dal
1728 2195 1896 2229 Bazzano
1924 2205 1996 2228 non
2033 2194 2202 2240 figurano
2239 2194 2298 2229 nel

462 2254 619 2290 Morano
649 2256 854 2302 (tex-remoti
882 2256 1138 2302 nell'Umbria‚
1164 2259 1175 2292 i
1200 2259 1369 2294 Visconti
1396 2270 1417 2293 a
1445 2259 1580 2302 Lucca,
1609 2260 1633 2293 il
1663 2261 1765 2305 Papa
1793 2272 1813 2294 e
1841 2260 2068 2303 iFerraresi,
2089 2271 2219 2306 guerra
2246 2266 2300 2296 tra

459 2320 616 2355 Firenze
646 2333 665 2355 e
694 2322 789 2365 Pisa,
821 2333 909 2367 pace
940 2330 992 2357 tra
1020 2323 1031 2357 i
1060 2323 1255 2358 Modenesi
1285 2337 1304 2359 e
1342 2324 1367 2358 il
1403 2325 1586 2361 cardinale
1623 2326 1838 2370 Beni-ando,
1876 2326 2018 2361 assedio
2056 2327 2093 2361 di
2129 2326 2297 2370 Treviso,
2421 2355 2423 2380 1

460 2392 580 2421 morte
609 2387 644 2420 di
676 2388 903 2433 Cangramle,
927 2389 1107 2434 prigionia
1127 2389 1163 2423 di
1183 2390 1396 2425 Rolandino
1416 2391 1536 2435 Rossi,
1558 2404 1660 2437 presa
1681 2392 1716 2426 di
1737 2392 1962 2436 Levizzano‚
1983 2390 2093 2439 ecc.)‚
2114 2393 2303 2427 viceversa
2331 2391 2374 2428 35
2422 2386 2423 2422 l

456 2463 546 2487 sono
576 2453 684 2498 pochi
711 2453 723 2487 i
751 2454 830 2488 fatti
858 2455 1057 2490 raccontati
1087 2455 1144 2490 dal
1174 2457 1334 2491 Morano
1363 2469 1382 2491 e
1411 2458 1541 2492 oinessi
1573 2457 1631 2492 dal
1659 2459 1825 2493 Bazzano
1854 2457 1978 2505 (piena
2006 2457 2043 2492 di
2080 2457 2244 2500 Secehia,
2272 2458 2297 2493 il
2422 2454 2423 2467 ¹

457 2517 557 2552 card.
576 2519 782 2554 Bertrando
802 2531 821 2554 e
841 2521 982 2564 Parma,
1011 2522 1158 2566 penuria
1187 2522 1222 2556 di
1250 2533 1365 2568 grano
1393 2523 1430 2556 in
1459 2521 1636 2570 Modena)
1654 2534 1664 2568 ;
1683 2523 1745 2570 poi
1766 2535 1829 2569 per
1848 2523 1930 2559 altri
1949 2524 2028 2560 fatti
2047 2524 2114 2558 che
2133 2524 2297 2571 figurano

458 2595 580 2628 presso
609 2585 788 2619 entrambi
816 2587 826 2619 i
857 2586 1004 2620 eronisti
1034 2586 1066 2621 le
1097 2587 1222 2632 parole
1242 2599 1334 2623 sono
1354 2587 1512 2632 diverse,
1534 2601 1553 2622 e
1572 2589 1606 2623 in
1627 2590 1800 2635 generale
1819 2590 1844 2624 il
1863 2590 2025 2624 Morano
2045 2591 2064 2624 e
2085 2590 2146 2636 piu
2165 2590 2297 2626 diffilso

456 2660 476 2683 e
504 2650 873 2696 particolareggiat03
901 2651 995 2686 basti
1023 2653 1134 2687 citare
1163 2653 1195 2687 le
1224 2655 1337 2689 molte
1366 2655 1495 2700 pagine
1525 2655 1590 2689 che
1621 2656 1691 2701 egli
1721 2655 1858 2702 spende
1887 2656 2033 2691 intorno
2061 2656 2094 2691 ai
2113 2655 2297 2691 Tedeschi

457 2726 477 2748 e
505 2715 537 2748 ai
567 2715 647 2749 loro
676 2717 834 2751 malefizi
865 2718 922 2751 nel
953 2719 1114 2754 contado
1144 2719 1179 2752 di
1211 2719 1400 2754 Modena:
1431 2733 1450 2754 e
1481 2721 1547 2755 che
1577 2722 1588 2754 i
1617 2722 1687 2756 due
1707 2722 1823 2757 autori
1845 2723 2084 2768 attingessero
2112 2733 2134 2756 a
2161 2723 2305 2757 diverse
2333 2726 2376 2758 40

456 2780 547 2815 fonti
576 2781 612 2814 di
640 2781 902 2818 informazione
932 2784 1033 2818 basta
1063 2796 1083 2819 a
1111 2785 1283 2830 provarlo
1312 2786 1336 2819 il
1365 2786 1456 2821 fatto
1486 2787 1552 2821 che
1581 2786 1615 2820 al
1643 2793 1752 2822 conte
1781 2788 1942 2833 palatino
1971 2789 2147 2823 mandato
2175 2788 2297 2823 aMo-

545 2927 550 2943 ¹
572 2929 598 2952 A
617 2932 714 2960 questo
733 2933 823 2962 punto
844 2931 864 2954 il
885 2932 1010 2956 Bazzano
1024 2931 1058 2956 da
1073 2933 1100 2956 la
1115 2935 1230 2963 notizia,
1245 2936 1344 2965 ignota
1486 2934 1496 2950 ⁴²
1516 2935 1571 2963 Qui
1593 2937 1613 2960 il
1635 2937 1752 2960 Morano
1774 2938 1897 2961 riferisce
1917 2939 1943 2961 la
1965 2939 2071 2961 notizia
2085 2937 2113 2961 di
2134 2945 2190 2961 una
2209 2944 2294 2969 grave

456 2970 481 2992 al
504 2970 630 2997 Morano.
650 2971 814 2996 dell‘arrivo
841 2974 868 2996 di
895 2972 981 2997 Can-10
1008 2974 1077 2998 duca
1104 2976 1133 2998 di
1159 2975 1293 3000 Calabria
1314 2978 1342 2999 in
1399 2977 1537 3009 epidemia
1565 2978 1608 3001 nel
1635 2979 1759 3002 contado
1785 2979 1813 3002 di
1839 2978 1968 3005 Modena.
1994 2986 2045 3003 ove
2070 2981 2215 3003 morirono
2241 2979 2294 3003 due
2339 2983 2353 3008 5

455 3010 580 3037 Firenze.
1397 3020 1490 3049 quinti
1518 3019 1592 3050 degli
1614 3020 1743 3044 abitanti.
