2423 3561
1201 241 1255 278 IN
1257 243 1364 278 TRO
1370 243 1603 280 DUZIONE

487 312 2316 330 ........................................................................................................................................................................................................

480 363 657 398 Ezzelino
685 363 731 398 da
759 364 950 398 Romano:
981 377 1029 399 un
1057 365 1272 399 brevissimo
1301 378 1418 401 cenno
1447 379 1484 401 se
1514 380 1558 402 ne
1586 368 1631 401 ha
1660 369 1775 404 anche
1795 369 1889 403 nelle
1909 371 2087 405 cronache
2107 370 2308 416 modenesi‚

480 440 593 474 segno
624 429 689 464 che
708 428 804 464 l’eco
833 429 868 463 di
898 430 1019 476 quella
1047 442 1234 466 rumorosa
1263 432 1420 477 impresa
1449 434 1478 466 si
1508 433 1587 468 fece
1617 434 1781 470 risentire
1809 436 1924 471 anche
1944 436 2038 471 nelle
2066 442 2163 472 terre
2195 438 2315 484 cispa-

483 494 595 538 dane;
625 505 685 528 ma
714 494 747 529 la
765 495 866 530 fonte
896 495 954 529 del
985 496 1143 531 cronista
1179 497 1383 543 frignanese
1413 498 1507 532 deve
1546 511 1642 534 esser
1669 505 1762 535 stata
1789 500 1976 546 tutt’altra,
2005 503 2136 548 poiche
2167 503 2239 549 egli
2267 504 2313 539 da

482 559 588 594 molti
621 559 842 605 particolari‚
874 561 940 595 che
959 563 1066 596 trovo
1096 562 1389 607 probabilmente
1420 564 1455 597 in
1475 563 1599 609 quello
1628 565 1695 599 che
1716 566 1764 599 ho
1784 566 1995 602 battezzato
2016 568 2232 603 Memoriale
2249 572 2315 613 po-

477 627 646 660 testatam
674 625 863 671 Abctinae;
895 626 991 661 dove
1012 628 1126 662 anche
1156 640 1221 674 per
1248 629 1329 663 altn'
1359 629 1436 663 fatti
1467 629 1504 663 di
1533 630 1709 665 Ezzelino
1730 631 1883 667 l'autore
1902 633 1931 666 si
1951 639 2089 669 mostra
2109 634 2199 668 assai
2218 634 2312 669 bene

480 691 692 725 informato.
749 692 808 725 Ne
839 695 858 727 ὲ
888 693 992 727 facile
1022 694 1187 740 spiegare
1218 705 1326 729 come
1347 695 1417 740 egli
1437 695 1686 730 introducesse
1707 698 1822 731 simile
1842 704 2019 734 racconto
2040 698 2136 734 nella
2154 700 2314 746 propria,

477 767 629 791 nessuna
658 755 842 792 relazione
872 759 1064 794 essendovi
1084 765 1176 795 stata
1195 759 1309 794 allora
1328 765 1383 795 tra
1411 762 1422 794 i
1450 761 1563 795 nobili
1585 761 1643 795 del
1663 763 1846 809 Frignano
1866 776 1884 798 e
1905 764 2095 811 l’impresa
2114 764 2173 799 dei
2193 766 2314 801 Guelfi

446 866 450 870 ἢ
478 827 609 857 contro
637 822 661 855 il
690 823 851 867 tirann03
880 825 905 858 il
934 837 1044 859 nome
1075 825 1133 860 del
1163 826 1281 873 quale,
1312 826 1400 860 dato
1429 826 1523 860 nella
1543 828 1660 862 forma
1679 829 1857 874 piuttosto
1888 830 2032 866 insolita
2061 831 2097 865 di
2126 830 2139 847 ²
2158 831 2193 865 d.
2213 832 2316 867 Azo-

487 888 614 922 “linus
633 915 647 932 „
685 887 735 936 (le
764 890 943 925 cronaehe
974 891 1162 927 modenesi
1192 892 1311 926 hanno
1340 904 1482 938 sempre
1512 892 1687 939 Igolimcs,
1709 894 1900 943 Efelc'uus)
1931 899 1950 932 ὲ
1979 896 2269 942 probabilmente
2289 897 2315 932 il

480 953 542 988 filo
569 954 789 991 conduttore
820 956 885 991 che
916 957 948 991 ci
978 963 1158 1003 pei-mette
1190 958 1224 993 di
1254 958 1392 993 risalire
1412 958 1459 993 ad
1480 971 1547 994 una
1568 959 1667 996 fonte
1686 962 1777 996 assai
1805 962 1868 1007 piu
1886 962 2006 997 antica
2026 962 2093 998 che
2121 974 2194 997 non
2213 964 2316 1000 siano

476 1020 510 1055 le
539 1022 720 1056 cronache
751 1021 809 1057 del
839 1023 1026 1058 Trecento
1045 1027 1065 1058 ¹.

563 1088 605 1121 In
633 1088 883 1133 conclusione,
913 1090 990 1124 sino
1020 1101 1040 1124 a
1059 1096 1189 1136 questo
1218 1096 1331 1136 punto
1360 1090 1393 1125 la
1421 1104 1578 1127 cronaca
1606 1093 1806 1139 frignanese
1834 1100 1969 1130 mostra
1989 1107 2060 1130 una
2078 1096 2195 1131 sieura
2222 1095 2316 1130 indi-

477 1153 667 1199 pendenza
696 1154 791 1189 dalle
821 1154 891 1189 due
921 1157 1100 1191 cronache
1129 1155 1190 1191 del
1219 1157 1380 1192 Morano
1410 1169 1429 1191 e
1458 1158 1518 1192 del
1546 1159 1729 1204 Bazzano,
1759 1160 1829 1195 alle
1857 1161 1956 1208 quali
1984 1173 2145 1208 neppure
2174 1162 2319 1198 sembra

477 1219 657 1266 attingere
684 1232 750 1267 per
777 1221 788 1255 i
818 1221 895 1256 fatti
926 1222 985 1257 del
1022 1223 1132 1266 1260,
1163 1222 1338 1268 battaglia
1368 1223 1403 1257 di
1432 1224 1682 1272 Monteaperti
1712 1238 1732 1261 e
1761 1238 1864 1273 presa
1893 1226 1929 1261 di
1957 1226 2032 1262 San
2059 1228 2175 1273 Zeno,
2206 1239 2314 1264 come

473 1297 607 1332 appare
628 1286 686 1321 dal
706 1293 881 1333 seguente
911 1289 1122 1324 confronto:

789 1410 889 1443 Cron.
909 1411 948 1443 F
943 1413 1056 1454 πένῃ.-

566 1479 640 1505 1260.
664 1481 710 1505 die
738 1482 828 1506 sabati
850 1482 859 1513 [

474 1528 646 1558 morentini,
666 1530 862 1559 Pistorienses,
881 1531 1049 1556 Urbevetani
1071 1534 1098 1556 et
1118 1533 1230 1557 Aretini
1255 1534 1367 1558 fuerunt

944 1483 953 1514 ]
972 1483 1031 1514 (sic)
1060 1484 1186 1508 intrante
1216 1484 1369 1517 septembre

473 1576 602 1601 sconficti
623 1583 639 1600 a
664 1576 834 1602 senensibus
852 1581 880 1602 et
909 1580 1097 1604 Theutonicis
1127 1582 1221 1605 missis
1247 1589 1260 1605 a
1291 1583 1366 1613 prin-

474 1625 536 1656 cipe
549 1624 654 1657 Apulie
678 1627 705 1649 et
733 1626 787 1650 hoc
814 1627 870 1651 fuit
898 1628 971 1661 apud
997 1629 1123 1653 Montem
1147 1629 1282 1653 Alcinum
1303 1637 1365 1653 cum

477 1673 532 1704 ipsi
551 1673 711 1698 Florentini
733 1675 900 1700 obsidebant
921 1677 1022 1709 ipsum.

564 1722 639 1748 1260.
659 1724 691 1748 (le
705 1731 798 1749 mense
812 1727 922 1757 augusti
939 1728 1049 1759 captum
1065 1727 1120 1751 fuit
1134 1729 1255 1752 castrum
1269 1727 1366 1753 Sancti

473 1771 598 1795 Zenonis
618 1780 632 1796 a
652 1773 678 1796 d.
700 1773 860 1798 marchione
874 1774 985 1799 Estensi
1004 1777 1031 1800 et
1045 1782 1061 1800 a
1080 1776 1232 1807 Paduanis⁷
1246 1779 1273 1801 et
1293 1785 1366 1801 mor-

474 1822 537 1845 tuus
558 1821 613 1845 suit
632 1822 781 1848 Albericus
801 1825 833 1848 de
853 1824 983 1850 Romano
1003 1827 1030 1850 et
1049 1826 1102 1850 filii
1121 1828 1149 1850 ct
1169 1834 1240 1850 uxor
1263 1828 1331 1851 eius.

1659 1413 1824 1445 Monimo
1847 1423 1869 1444 E
1891 1414 2064 1446 ΒΑΖΖΑΝΟ
2075 1424 2082 1444 :

1514 1485 1541 1507 in
1564 1484 1673 1508 Mcclx.
1746 1484 1906 1509 Florentini
1929 1493 1989 1509 curn
2009 1484 2182 1509 Lunensibus
2201 1487 2229 1509 et
2252 1492 2313 1509 cum

1424 1535 1546 1557 maximo
1567 1535 1690 1558 exercitu
1713 1541 1809 1558 eorum
1836 1536 1933 1558 euntes
1959 1534 2069 1558 munire
2096 1533 2166 1566 (var.
2195 1534 2314 1566 murare)

1423 1582 1629 1606 Montalcinum
1659 1584 1737 1607 iuxta
1762 1582 1848 1607 Senas
1868 1590 1916 1616 pei·
1935 1584 2059 1614 quinque
2084 1583 2208 1608 miliaria
2230 1589 2245 1607 e
2266 1582 2312 1608 Se-

1422 1633 1554 1656 nensibus
1573 1634 1600 1657 et
1620 1640 1634 1656 a
1655 1634 1804 1666 capitaneo
1826 1633 1968 1657 Mansredi
1984 1635 2057 1665 regis
2075 1633 2221 1659 Sicilie...
2233 1651 2239 1657 .
2254 1633 2311 1657 fue-

1421 1682 1487 1704 runt
1506 1681 1621 1704 devicti.

556 1921 614 1956 Da
643 1929 771 1969 questo
800 1930 912 1970 punto
939 1925 976 1960 in
1004 1927 1126 1961 avanti
1154 1926 1352 1962 sembrano
1371 1927 1500 1962 invece
1521 1926 1612 1961 assai
1631 1932 1755 1961 strette
1775 1926 1808 1961 le
1829 1926 2001 1961 relazioni
2021 1931 2075 1962 tra
2095 1925 2128 1960 la
2152 1936 2310 1960 cronaca

471 1985 675 2032 frignanese
705 2000 725 2023 e
755 1989 788 2024 le
816 1990 1028 2028 modenesi:

769 2094 890 2128 Chron.
914 2096 1046 2138 Frign.
1056 2109 1066 2129 :

558 2164 644 2189 Anno
683 2164 758 2197 1264.
790 2167 881 2191 Pars
920 2168 1184 2193 Grasulforum
1222 2169 1263 2193 de
1296 2170 1363 2193 Mu-

470 2211 550 2234 tina
570 2212 723 2245 expulsa
743 2213 817 2238 fuit
837 2223 898 2248 per
918 2216 1123 2248 Aignonum
1144 2219 1283 2249 partem
1298 2220 1363 2249 post

469 2259 558 2290 prelia
584 2260 682 2284 multis
706 2262 774 2286 hinc
800 2263 867 2287 inde
893 2264 990 2288 diebus
1012 2266 1040 2288 in
1068 2265 1131 2289 foro
1156 2266 1267 2289 Mutine
1288 2266 1361 2289 facta

469 2314 537 2331 non
565 2310 645 2333 sine
671 2311 817 2335 auxilio
848 2312 1069 2337 Bononiensium
1089 2316 1116 2338 et
1144 2313 1360 2338 Guelsorum

469 2355 508 2379 de
536 2357 740 2383 Florentia.

554 2406 640 2430 Anno
661 2406 736 2432 1266.
757 2409 930 2434 Mutinenses
951 2412 979 2434 in
1000 2413 1111 2443 potenti
1133 2412 1247 2436 brachio
1261 2414 1359 2436 contra

467 2456 587 2479 castrum
610 2455 719 2480 Montis
739 2456 858 2482 Vallarii
885 2461 1037 2484 exercitum
1065 2461 1190 2485 validum
1218 2461 1359 2486 duxerunt

465 2504 575 2528 auxilio
588 2504 820 2536 Bononiensium,
831 2507 1033 2537 Parmensium,
1044 2509 1225 2542 Regiensium
1235 2512 1262 2534 et
1275 2510 1357 2534 Guel-

467 2552 558 2576 forum
578 2553 612 2576 de
630 2553 777 2579 Florentia
796 2563 827 2579 ac
842 2557 947 2580 militia
961 2557 1201 2582 Theutonicorum
1222 2559 1357 2590 illumque

466 2599 614 2625 obsidione
633 2602 830 2627 circundantes
844 2605 1039 2636 machinisque
1058 2606 1236 2631 verberantes
1257 2607 1290 2631 ad
1311 2608 1355 2631 de-

465 2650 604 2676 ditionem
623 2658 722 2683 cogere
743 2654 803 2677 nixi
826 2656 900 2678 sunt.
937 2654 969 2678 In
990 2663 1045 2686 quo
1066 2655 1177 2686 quidem
1198 2658 1289 2680 castro
1309 2657 1355 2680 ob-

464 2700 531 2723 sessi
552 2702 632 2724 erant
659 2701 769 2725 nobiles
796 2701 829 2725 de
855 2702 998 2732 Grasulfis,
1025 2704 1050 2728 d.
1074 2705 1210 2736 Aegidius
1231 2706 1263 2728 de
1288 2704 1356 2733 Piis,

468 2748 610 2772 Mattheus
630 2749 662 2773 de
683 2749 821 2781 Gorzano,
841 2751 978 2775 Henricus
998 2754 1058 2776 eius
1081 2753 1176 2781 frater,
1195 2753 1302 2778 Braivus
1324 2754 1356 2778 de

467 2796 573 2825 Bravis,
592 2797 645 2821 filii
659 2798 872 2823 Aldrevandini
892 2802 919 2824 et
928 2801 1062 2833 Jacopini
1082 2803 1114 2826 de
1134 2801 1274 2826 Gombula
1294 2811 1354 2826 cum

464 2844 490 2869 d.
520 2844 696 2870 Gulielmino
726 2847 937 2874 Montecuculio
964 2852 1102 2881 potestate
1130 2852 1281 2875 eorundem
1308 2859 1355 2885 po-

465 2896 573 2919 tentum
593 2897 620 2920 et
646 2896 786 2921 nobilium
812 2898 946 2923 videlicet
972 2901 1018 2930 qui
1047 2900 1106 2924 illis
1131 2902 1198 2925 tunc
1220 2903 1356 2933 temporis

552 3004 672 3028 ¹Anche
700 3006 730 3028 in
755 3006 870 3037 DANTE,
901 3008 1017 3039 Inferna,
1043 3008 1104 3039 XII,
1133 3016 1189 3038 110,
1217 3010 1345 3035 abbiamo

1784 2097 1943 2131 Mommo
1952 2107 1960 2128 :

1507 2169 1538 2192 In
1572 2169 1782 2201 Mcclxiiij....
1814 2169 1899 2192 Pars
1932 2167 2194 2192 Grasulsorum
2232 2167 2309 2191 suit

1418 2218 1571 2249 expulsa
1606 2217 1646 2241 de
1683 2218 1842 2242 civitate
1878 2217 1967 2241 Muti
1981 2224 2094 2241 na....
2128 2224 2187 2248 per
2216 2216 2310 2240 illos

1418 2268 1457 2291 de
1489 2269 1592 2299 parte
1622 2267 1803 2299 Aigonum
1839 2274 1913 2290 cum
1948 2266 2093 2290 auxilio
2122 2265 2306 2297 quorumdam

1417 2315 1635 2340 Guelforum
1669 2317 1966 2339 extrinsecorum
2003 2315 2187 2338 civitatis
2223 2313 2307 2337 Flo·

1417 2372 1476 2388 ren
1487 2365 1549 2388 tie.

1503 2413 1533 2436 In
1556 2413 1679 2446 Mcclxvj
1693 2429 1736 2437 ...
1749 2432 1754 2437 .
1776 2414 1889 2437 iverunt
1914 2412 2088 2436 Mutinenses
2107 2412 2137 2435 in
2157 2411 2308 2435 obsidione

1415 2460 1522 2484 Montis
1543 2460 1649 2493 Valarij
1662 2477 1668 2485 .
1680 2477 1687 2485 .
1700 2478 1721 2485 ..
1740 2463 1767 2484 et
1788 2462 1821 2484 ad
1841 2461 1947 2484 dictum
1962 2460 2090 2484 Mentem
2103 2458 2250 2484 valan-ium
2264 2466 2308 2483 ca-

1413 2511 1569 2533 strametati
1585 2511 1650 2533 sunt
1665 2517 1725 2533 cum
1739 2511 1814 2533 certa
1827 2509 1987 2540 quantitate
2002 2508 2125 2532 militum
2139 2509 2166 2531 et
2180 2508 2305 2538 peditum

1413 2559 1445 2582 de
1459 2558 1557 2582 Parma
1571 2560 1598 2582 et
1612 2559 1645 2582 de
1664 2558 1754 2590 Regio
1768 2560 1795 2582 et
1815 2557 1982 2581 soldaderiis
1995 2557 2149 2581 teutonicis
2168 2558 2196 2580 et
2208 2555 2306 2588 guelfus

1415 2608 1447 2630 de
1475 2607 1622 2631 Florentia
1650 2609 1677 2631 et
1712 2606 2009 2630 Bononiensibus....
2041 2606 2069 2629 et
2097 2604 2232 2629 continue
2263 2604 2305 2628 ibi

1413 2656 1513 2680 stando
1525 2674 1531 2680 .
1543 2674 1549 2679 .
1561 2674 1584 2680 ..
1604 2658 1631 2680 et
1651 2663 1712 2679 cum
1738 2655 1878 2679 machinis
1903 2656 1962 2679 sive
1981 2654 2124 2678 trabuchis
2143 2654 2234 2678 tribus
2259 2655 2304 2677 to-

1412 2706 1471 2728 tum
1493 2706 1613 2728 castrum
1634 2705 1678 2728 die
1699 2706 1837 2735 noctuque
1867 2703 2002 2727 trahendo
2031 2702 2182 2733 fregerunt.
2208 2702 2301 2734 gravi-

2347 971 2385 1003 10

2346 1300 2382 1333 15

2340 1625 2382 1656 20

2338 1930 2380 1964 25

2338 2260 2379 2292 30

2334 2504 2374 2537 35

1414 2757 1456 2778 ter
1476 2755 1652 2779 inimicando
1678 2754 1715 2778 iis
1740 2755 1786 2785 qui
1814 2755 1842 2777 in
1870 2754 1947 2777 dicto
1973 2754 2064 2776 castro
2089 2753 2170 2776 erant
2194 2751 2303 2775 scilicet
2330 2745 2371 2776 40

1411 2804 1482 2826 viris
1502 2803 1648 2827 nobilibus
1668 2802 1802 2826 Grasulfis
1816 2802 1849 2826 de
1863 2802 1974 2826 Mutina
1993 2808 2041 2832 per
2060 2801 2186 2832 Aigones
2205 2799 2302 2833 expul-

1413 2852 1459 2883 sis,
1475 2852 1550 2876 inter
1570 2858 1638 2883 quos
1658 2854 1718 2876 erat
1733 2852 1760 2876 d.
1772 2850 1892 2883 Egidius
1905 2850 1979 2874 filius
1993 2849 2019 2874 d.
2032 2848 2175 2872 Mansredi
2188 2848 2221 2872 de
2234 2847 2302 2876 Piis,

1412 2903 1438 2927 d.
1458 2902 1599 2927 Mattheus
1619 2902 1653 2926 de
1673 2901 1815 2933 Gorcano,
1835 2902 1861 2925 d.
1879 2901 2016 2925 Henricus
2028 2901 2089 2924 eius
2109 2899 2260 2923 frater-....
2275 2899 2302 2923 d.

1400 3013 1496 3043 questa
1516 3011 1664 3035 medesima
1686 3011 1775 3034 forma
1798 3008 1963 3033 “Azzolino
1973 3024 1998 3039 L..
