2423 3561
790 202 1189 241 INTRODUZIONE

92 267 1914 299 ..........................................................................................................................................................................................................

88 352 180 387 dena
208 347 253 382 da
281 345 477 382 Ludovico
506 343 529 377 il
557 343 714 384 Bavaro,
738 340 762 374 il
783 340 951 374 Bazzano
981 338 1026 372 da
1056 337 1078 370 il
1107 348 1217 370 nome
1246 334 1284 369 di
1314 333 1448 368 Enrico
1478 332 1513 366 di
1544 330 1728 365 Montfort
1756 339 1775 361 e
1794 327 1818 361 il
1838 326 1924 360 Μο-

87 429 174 453 rano
201 417 328 449 inveee
357 412 479 459 quello
508 409 544 444 di
565 413 673 444 conte
701 407 737 441 di
759 407 919 451 Turgen.
962 404 1022 439 Un
1045 415 1129 438 caso
1149 401 1332 446 singolare
1362 398 1535 432 abbiamo
1556 395 1588 430 al
1616 395 1736 430 1330:
1758 394 1818 439 piu
1847 393 1926 426 fatti

87 482 215 518 narrati
244 480 301 515 dal
330 480 501 514 Bazzano
529 488 594 522 per
621 475 645 508 il
674 474 792 519 primo
812 477 986 507 semestre
1008 480 1189 504 maneano
1211 467 1268 501 nel
1289 466 1458 507 Morano,
1479 463 1503 497 il
1524 462 1629 508 quale
1651 461 1723 495 alla
1743 472 1804 494 sua
1825 458 1926 493 volta

90 562 132 584 ne
160 551 334 583 racconta
361 543 567 579 moltissimi
596 542 661 576 che
691 540 747 574 nel
776 540 945 573 Bazzano
975 548 1047 570 non
1076 545 1193 578 sono3
1221 544 1285 579 per
1314 530 1467 578 qualche
1489 528 1749 563 avvenimento
1770 535 1925 560 comune

13 621 29 654 5
81 617 117 651 vi
144 625 236 649 sono
265 612 483 656 divergenze
513 606 695 654 profonde
726 604 851 653 (come
881 614 946 648 per
976 603 984 634 i
1016 600 1153 635 numeri
1184 598 1243 633 dei
1273 596 1441 643 (loppieri
1471 606 1490 628 e
1519 594 1614 628 delle
1644 592 1818 627 bandiere
1851 589 1928 625 nel-

25 960 62 991 10

26 1200 61 1233 15

24 1444 65 1476 20

29 1685 69 1718 25

30 2067 71 2099 30
98 2062 131 2098 E
158 2061 248 2107 pero
276 2060 382 2095 viene
412 2057 502 2091 fatto
529 2056 565 2089 di
594 2049 832 2087 domandarci
862 2060 898 2082 se
928 2044 1107 2082 entrambi
1129 2043 1138 2075 i
1161 2039 1305 2077 cronisti

41 2437 82 2471 35

46 2681 86 2712 40

53 2922 93 2955 45

87 680 244 716 l’offerta
273 689 294 712 a
321 688 385 712 san
415 671 680 717 Geminian0);
720 682 778 705 ma
807 670 861 705 c'e
893 668 1010 703 anche
1042 679 1111 701 una
1140 664 1379 700 coincidenza
1409 660 1580 696 notevole
1603 658 1696 692 nella
1716 656 1927 692 narrazione

87 746 339 791 dell'impresa
367 743 403 777 di
432 741 666 776 Beltramone
696 737 754 772 del
792 736 934 770 Balzoz

438 833 613 864 BAzzaNo
624 855 630 861 .

175 909 228 932 Die
249 907 346 931 martis
366 906 449 938 xxiiij
472 903 570 935 aprilis
598 904 624 925 in
655 902 725 925 festo
747 900 835 923 sancti
863 896 979 928 Georgii

89 959 219 983 dominus
238 956 432 980 Beltramonus
452 954 484 976 de
505 952 588 984 Balqo
615 950 786 981 Capitaneus
812 948 904 978 gentis
931 945 978 968 Ec-

89 1007 188 1031 clesiae
207 1012 267 1029 cum
289 1005 327 1037 vij
349 1004 437 1026 centis
457 1001 598 1032 equitibus
618 1006 665 1030 per
686 997 860 1021 Manfrcdum
876 996 907 1018 dc
922 995 980 1017 Piis

88 1055 229 1079 Vicarium
250 1053 429 1084 Imperatoris
445 1052 471 1074 in
487 1050 598 1073 Mutina
611 1055 671 1071 cum
687 1048 706 1079 ij
722 1046 810 1069 centis
829 1042 981 1068 teutonicis

89 1107 116 1128 et
136 1111 197 1127 curn
217 1102 322 1134 populo
342 1101 468 1124 Mutinae
489 1098 600 1121 fuerunt
622 1095 742 1126 aggressi
771 1095 798 1116 in
823 1094 893 1116 terra
916 1091 980 1113 For-

90 1152 213 1183 miginis,
233 1151 266 1174 ad
286 1157 367 1181 quam
387 1147 521 1179 praedicti
544 1145 648 1168 milites
669 1143 801 1167 venerant
822 1141 855 1164 ad
875 1140 980 1163 damni-

90 1201 234 1227 ficandum,
245 1201 272 1223 et
282 1199 393 1222 fuerunt
406 1197 443 1220 ibi
457 1196 529 1226 capti
543 1202 575 1217 ex
589 1194 657 1224 ipsis
669 1189 831 1223 [militibus]
844 1189 982 1212 Ecclesiae

91 1249 188 1281 clxxij‚
204 1249 277 1271 inter
290 1253 359 1277 quos
373 1246 470 1276 captus
486 1244 539 1266 suit
554 1242 713 1273 praedictus
733 1239 863 1262 dominus
878 1236 982 1259 Beltra—

91 1304 190 1322 monus
209 1298 236 1320 et
250 1296 380 1319 dominus
394 1292 576 1324 Raymundus
589 1291 622 1314 (le
636 1289 720 1321 Balco
734 1289 760 1311 et
774 1286 886 1317 quidam
900 1285 984 1307 frater

93 1345 228 1371 naturalis
247 1343 332 1375 Regis
351 1343 468 1366 Roberti
488 1340 611 1371 Apuleae
632 1345 693 1362 cum
714 1337 779 1360 aliis
799 1334 938 1358 militibus
958 1334 985 1355 ct

92 1394 233 1420 nobilibus
247 1393 292 1425 [ad
307 1389 462 1420 numerum]
477 1390 574 1422 clxxij‚
588 1390 614 1412 ct
630 1387 731 1411 mortui
749 1386 859 1408 fuerunt
874 1381 984 1405 (lucenti

92 1445 198 1475 equites
218 1443 319 1467 ibidem
341 1438 454 1473 [captisl
475 1439 560 1469 equis.
581 1437 673 1463 armis,
689 1434 836 1459 arnisibus,
857 1432 902 1462 qui
927 1437 987 1452 vcn-

93 1494 145 1518 diti
168 1493 279 1517 fuerunt
300 1490 332 1514 ad
353 1490 481 1513 butinum
503 1486 580 1510 mille
599 1484 762 1516 quingentis
782 1481 893 1504 florenis
920 1479 987 1502 auri.

1388 819 1551 851 MORANO
1562 829 1569 849 :

1122 896 1175 918 Dic
1197 894 1293 917 martis
1314 892 1396 924 xxiiij
1419 890 1517 921 aprilis
1539 891 1566 912 in
1598 889 1668 911 sesto
1695 887 1783 910 sancti
1813 883 1929 915 Georgii

1034 944 1171 968 bellatoris
1190 943 1320 966 (lominus
1341 940 1535 963 sseltramonus
1555 938 1587 961 de
1607 936 1689 960 Balzo
1704 943 1757 959 cum
1778 934 1929 964 septingen-

1035 994 1069 1018 lis
1090 992 1215 1023 equitibus
1237 990 1373 1014 Ecclesiae
1393 997 1408 1011 ιι
1429 987 1526 1011 dioeesi
1547 986 1631 1017 Regii
1644 985 1681 1008 ad
1711 988 1810 1008 terram
1831 981 1934 1005 Formi·

1032 1042 1108 1073 ginis
1128 1040 1315 1064 accedentibus.
1333 1046 1411 1061 causa
1427 1035 1616 1068 damnificandi
1634 1033 1737 1061 ibidem,
1750 1039 1798 1063 per
1812 1030 1932 1054 Mauri-e-

1036 1091 1099 1113 ‹lum
1120 1090 1152 1113 (le
1167 1089 1225 1111 l'iis
1246 1088 1386 1111 Vivarium
1401 1085 1581 1116 Imperatoris
1597 1084 1623 1106 iu
1646 1082 1755 1105 Mutina
1769 1082 1796 1103 et
1806 1083 1858 1110 per
1872 1080 1933 1102 due-

1036 1142 1135 1163 <vntum
1165 1137 1261 1167 equites
1290 1136 1445 1159 theutonicos
1471 1141 1500 1156 ac
1521 1131 1655 1164 populum
1671 1130 1855 1153 mutinensem
1877 1127 1933 1150 fue-

1038 1188 1102 1210 runt
1118 1187 1144 1208 in
1166 1188 1238 1208 terra
1254 1183 1425 1213 Formiginis
1439 1181 1571 1212 aggressi,
1585 1180 1621 1202 ad
1632 1186 1703 1209 quem
1719 1178 1798 1200 locum
1815 1175 1932 1207 predicti

1039 1235 1143 1257 milites
1156 1233 1277 1256 Ecvlesie
1292 1232 1424 1254 venerant
1438 1230 1470 1253 acl
1486 1227 1735 1252 damnificandum2
1751 1228 1776 1248 et
1789 1227 1855 1250 tuuc,
1869 1223 1935 1246 bello

1039 1283 1175 1307 durissimo
1191 1282 1260 1304 iuter
1273 1281 1341 1310 ip505
1355 1279 1418 1302 inita
1432 1282 1458 1301 et
1466 1280 1585 1307 peracto,
1600 1275 1720 1306 predicti
1734 1273 1831 1296 milites
1846 1272 1935 1295 Eccle-

1040 1333 1079 1356 sia
1089 1330 1346 1362 proslrffl'isue-runt
1360 1332 1385 1351 et
1398 1327 1552 1358 defecerunt
1565 1325 1591 1348 in
1605 1325 1679 1352 bella,
1695 1323 1785 1353 captis
1805 1329 1838 1344 ex
1852 1319 1937 1343 dictis

1042 1381 1180 1403 militibus
1206 1378 1327 1401 Ecclesie
1347 1376 1444 1407 (lxxij,
1469 1376 1540 1397 iuter
1560 1379 1628 1403 quos
1648 1372 1721 1402 capti
1745 1370 1856 1393 suerunt
1877 1375 1936 1399 pre-

1042 1431 1133 1453 dictus
1147 1428 1277 1451 domiuus
1291 1425 1485 1448 Beltramonus
1505 1424 1531 1445 et
1546 1421 1594 1445 alii
1607 1422 1634 1444 et
1648 1420 1778 1443 (lominus
1797 1416 1937 1448 Raymon·

1043 1479 1093 1501 (lus
1113 1477 1145 1500 de
1166 1475 1249 1498 ssalzo
1271 1476 1297 1497 et
1317 1473 1429 1504 quidam
1451 1471 1535 1494 frater
1555 1467 1693 1492 naturalis
1720 1466 1793 1497 regis
1819 1465 1936 1488 Roberti

1044 1526 1148 1557 Apulie
1168 1531 1227 1547 cum
1249 1523 1313 1546 aliis
1327 1520 1466 1544 militibus
1486 1520 1512 1542 et
1528 1517 1671 1541 nobilibus
1686 1513 1798 1546 [c]lxxij
1821 1520 1936 1536 numero

1045 1576 1071 1598 et
1087 1574 1187 1597 mortui
1205 1572 1317 1595 fuerunt
1331 1577 1367 1593 cc.
1383 1569 1441 1599 equi
1454 1566 1593 1598 armigeri.
1609 1565 1720 1589 lucratis
1734 1563 1837 1586 ibidem
1852 1562 1938 1592 equis,

1047 1622 1210 1646 arnensibus
1230 1622 1256 1643 et
1277 1619 1368 1646 armis,
1388 1625 1452 1647 quae
1472 1624 1515 1639 res
1535 1615 1566 1638 ad
1588 1614 1715 1637 butinum
1744 1611 1856 1635 vendite
1884 1610 1938 1633 fue-

1049 1675 1113 1697 runt
1128 1672 1242 1695 Mccccc.
1258 1669 1425 1692 florenorum
1446 1667 1513 1690 auri,

186 1796 273 1841 Qui,
301 1793 461 1830 sebbene
491 1789 550 1825 nel
579 1788 739 1824 Morano
768 1786 803 1820 vi
834 1785 885 1819 sia
914 1781 1064 1829 qualche
1086 1780 1181 1814 lieve
1211 1776 1384 1822 disparita
1404 1773 1440 1807 di
1461 1770 1680 1818 espressioni
1701 1781 1720 1803 e
1741 1767 1940 1813 l'aggiunta

99 1865 135 1900 di
164 1862 317 1911 qualche
348 1857 568 1905 particolare
600 1853 683 1902 (che
712 1852 771 1887 nel
799 1852 967 1886 Bazzano
997 1845 1177 1894 potrebbe
1206 1853 1374 1877 mancare
1405 1850 1470 1885 per
1498 1849 1568 1873 una
1597 1835 1691 1871 delle
1711 1839 1809 1869 tante
1829 1832 1940 1867 omis-

99 1930 191 1965 sioni
220 1927 279 1962 del
308 1925 449 1972 copista
480 1923 539 1957 del
567 1920 695 1956 secolo
726 1916 832 1964 XVI)
862 1914 1046 1950 l'identita
1075 1914 1093 1946 e
1113 1910 1266 1957 perfetta
1284 1919 1292 1952 3
1312 1907 1347 1941 lo
1367 1916 1482 1953 prova
1503 1905 1536 1939 la
1556 1903 1704 1949 illogica
1723 1899 1939 1946 ripetizione

103 1995 162 2031 del
190 2004 343 2029 numero
378 1990 460 2033 172,
491 1989 526 2023 la
555 1987 659 2034 quale
689 1996 763 2020 non
790 1984 818 2018 si
847 1981 941 2018 vede
972 1982 1065 2015 bene
1095 1987 1233 2022 neppur
1263 1985 1368 2008 come
1397 1972 1425 2007 si
1454 1968 1604 2005 accordi
1635 1979 1705 2003 con
1733 1967 1766 2000 la
1786 1964 1942 1999 sintassi.

104 2126 284 2163 cordanza
311 2134 451 2170 oppure
480 2133 516 2156 se
546 2120 652 2154 l’uno
683 2117 845 2163 copiasse
875 2111 1070 2148 dall’altro.

1337 2037 1611 2072 trascrivessero
1631 2032 1678 2067 da
1698 2030 1875 2066 un'unica
1896 2028 1944 2062 ri—

1128 2109 1164 2142 A
1194 2106 1256 2140 dar
1284 2106 1438 2149 risposta
1458 2113 1478 2135 a
1498 2101 1570 2135 tale
1591 2096 1774 2134 domanda
1793 2096 1945 2140 bisogna

105 2199 284 2240 aspettare
315 2190 351 2224 di
380 2201 468 2224 aver
497 2186 687 2232 compiuto
716 2183 865 2217 l'esame
895 2177 1148 2224 comparativo
1178 2172 1273 2208 delle
1303 2171 1372 2204 duc
1402 2166 1609 2208 eronache3
1640 2160 1890 2198 continuando
1919 2159 1945 2193 il

105 2260 210 2309 quale
240 2259 299 2292 noi
328 2257 510 2303 possiamo
539 2252 694 2287 rilevare
725 2249 757 2283 al
787 2245 949 2282 secondo
969 2249 1142 2278 semestre
1163 2239 1241 2274 altri
1264 2237 1336 2272 easi
1359 2235 1394 2269 di
1413 2233 1577 2276 identita,
1599 2241 1705 2266 corne
1724 2230 1735 2263 i
1756 2227 1944 2273 seguenti:

459 2365 632 2397 ΒΑΖΖΑΝΟ
645 2374 651 2393 :

197 2442 250 2465 Die
270 2441 357 2464 sabati
380 2440 422 2471 iiij
446 2437 554 2468 augusti
576 2434 734 2458 Gulielmus
749 2432 780 2455 dc
795 2429 944 2453 Aclelarclis
965 2435 1002 2449 re-

110 2492 227 2516 bellavit
254 2491 371 2513 castrum
399 2486 571 2516 Formiginis
598 2483 708 2506 comuni
735 2481 868 2505 Mutinae.
896 2483 1003 2507 compo-

113 2540 203 2564 nendo
215 2538 254 2570 [se
266 2536 338 2568 cum]
354 2537 430 2560 dicto
445 2535 549 2565 Legato
564 2531 707 2555 Bononiae
719 2529 834 2552 domino
847 2533 895 2557 pro
911 2525 1003 2548 Eccle-

113 2590 153 2612 sia
166 2589 250 2612 etiam
264 2594 314 2618 pro
330 2585 388 2608 illis
402 2585 434 2608 (le
448 2582 561 2607 Saxolo.
577 2582 603 2604 et
618 2581 707 2611 ipsum
723 2579 842 2601 castrum
855 2574 1005 2606 praeuntis

114 2638 146 2662 de
165 2636 269 2661 Saxolo
287 2637 315 2659 et
334 2633 464 2665 gentibus
484 2630 622 2654 Ecclesiae
642 2627 768 2651 tradidit.

201 2684 272 2708 Tum
293 2683 368 2707 dicto
388 2683 512 2711 tempore
533 2677 634 2701 refecta
655 2675 709 2699 suit
723 2672 883 2697 Mirandula
897 2670 1006 2694 auxilio

116 2734 222 2757 domini
245 2732 334 2755 Luisii
356 2731 387 2754 de
409 2728 542 2760 Goneaga
562 2725 669 2749 domini
691 2723 817 2746 civitatis
832 2721 971 2745 Mantuae.

203 2781 283 2804 Tune
303 2780 347 2803 die
369 2778 477 2802 veneris
498 2776 556 2807 xvij
579 2774 688 2804 augusti
710 2772 848 2795 exercitus
876 2768 1011 2792 Marchio-

120 2837 184 2853 num
204 2829 362 2852 Estensium
384 2826 460 2849 veuit
483 2825 509 2846 iu
537 2823 676 2845 obsessum
698 2820 730 2843 ad
751 2819 869 2841 castrum
897 2814 1013 2843 Firmlis,

121 2878 193 2909 quod
214 2879 333 2901 castrum
355 2874 482 2898 traditum
495 2872 556 2905 fuit
570 2874 622 2901 pel·
641 2868 803 2893 concordiam
820 2870 872 2896 per
895 2865 1014 2887 intrinse-

122 2934 163 2950 cos
191 2926 256 2949 dicti
282 2923 367 2948 castri
393 2922 477 2946 dictis
503 2918 712 2943 Marchionibus
739 2916 782 2939 die
806 2914 902 2937 martis
923 2912 1012 2943 xxviij

124 2974 242 3005 augusti.

1410 2345 1588 2376 MoRANoz

1146 2425 1198 2447 Die
1214 2423 1301 2446 sabati
1318 2421 1360 2452 iiij
1378 2417 1488 2449 augusti
1502 2416 1632 2439 (lominus
1647 2412 1816 2437 Guilielrnus
1830 2410 1862 2433 (le
1877 2409 1947 2432 Ade-

1060 2474 1145 2497 [ardis
1160 2471 1294 2495 revelavit
1309 2470 1427 2491 castrum
1443 2464 1614 2494 Formiginis
1628 2461 1738 2484 comuni
1750 2459 1865 2484 Mutine,
1878 2464 1949 2479 com-

1059 2521 1188 2553 ponendo
1209 2526 1268 2542 cum
1290 2518 1381 2546 legato
1396 2514 1518 2538 Ecclesie
1537 2513 1564 2535 ct
1585 2509 1726 2533 nobilibus
1747 2508 1779 2530 de
1792 2505 1904 2531 Saxolo,
1925 2506 1951 2527 et

1062 2572 1150 2601 ipsum
1172 2570 1290 2591 castrum
1313 2565 1382 2595 ipsis
1396 2564 1427 2586 de
1442 2561 1545 2585 Saxolo
1566 2562 1591 2581 ct
1613 2557 1742 2589 gentibus
1756 2555 1878 2578 Ecclesie
1898 2555 1952 2576 tra-

1061 2618 1159 2642 dencloi

1149 2666 1233 2688 Dicto
1254 2665 1377 2692 tempore
1399 2658 1505 2682 refl'ecta
1527 2657 1581 2679 fuit
1601 2653 1759 2678 Mirandula
1781 2650 1889 2675 auxilio
1910 2649 1956 2672 do-

1064 2715 1132 2738 mini
1153 2713 1243 2736 Loisii
1265 2711 1297 2734 (lc
1318 2709 1451 2737 Gonzaga
1472 2705 1578 2729 domini
1601 2702 1728 2726 civitatis
1749 2700 1870 2723 Mantue.

1154 2762 1206 2784 Die
1237 2759 1344 2783 veneris
1374 2756 1432 2788 xvij
1464 2754 1572 2784 augusti
1599 2751 1736 2775 exercitus
1762 2746 1955 2771 Marchionum

1070 2811 1226 2835 Estensiurn
1248 2808 1324 2831 venit
1356 2807 1382 2828 in
1404 2805 1543 2827 obsessum
1570 2801 1652 2824 castri
1680 2797 1796 2823 Finalis,
1816 2794 1888 2825 quod
1917 2800 1956 2816 ca-

1070 2863 1154 2883 strum
1173 2862 1223 2887 per
1243 2856 1395 2879 intrinsecas
1414 2851 1550 2875 concordia
1571 2848 1697 2872 traditum
1713 2845 1776 2875 istsis
1789 2842 1954 2867 Mai-chioni-

1069 2907 1192 2939 bussuit
1211 2906 1254 2928 die
1275 2904 1370 2926 martis
1392 2901 1482 2931 xxviij
1504 2898 1622 2928 augusti.
