2423 3561
77 557 95 589 5

65 1725 97 1743 10

63 2139 96 2156 20

63 2348 94 2374 25

61 2758 93 2785 35

61 2970 96 2994 40

117 222 200 257 [AA.
221 224 416 256 1224-1226]

732 214 986 252 IOHANNIS
1014 215 1084 250 DE
1113 213 1333 249 BAZANO

1908 208 1950 243 15

119 346 334 385 redierunt¹3
360 352 394 380 et
417 352 500 380 tunc
524 348 626 379 turris
651 347 768 379 Sancti
800 346 994 380 Geminiani
1019 352 1119 388 capta
1141 345 1206 377 fuit
1232 346 1276 378 ab
1304 356 1372 377 una
1398 344 1544 387 partium
1570 343 1719 375 civitatis
1741 341 1896 373 Mutinae
1922 345 1955 371 et

119 401 233 443 magni
257 400 373 432 sturmi
397 401 536 432 fuerunt
559 401 595 431 in
619 400 758 433 civitate
786 399 954 438 Mutinae,
980 411 1046 442 qua
1071 399 1254 431 occasione
1286 405 1319 431 et
1349 408 1412 440 pro
1436 396 1663 438 occupatione
1687 395 1787 427 turris
1811 402 1955 436 magnae

120 453 424 485 condemnationes
447 454 482 484 in
505 464 607 486 avere
631 453 747 485 factae
772 454 909 485 fuerunt
921 453 943 484 ².

207 506 373 538 Dominus
407 506 620 538 Cavalcabos
653 505 812 538 Marchio
845 506 1075 538 cremonensis
1105 504 1262 537 Potestas
1294 504 1451 536 Mutinae
1484 502 1684 544 incipiendo
1715 501 1750 531 in
1783 498 1954 532 kallendis

123 559 266 590 ianuarii
290 569 397 601 usque
422 560 466 591 ad
489 560 512 602 j.
536 570 661 590 annum
679 559 738 600 [in]
762 559 925 591 M.ccxxv
937 558 957 590 ³.

1005 558 1208 590 Praedictus
1230 557 1387 589 Potestas
1410 556 1624 598 recuperavit
1648 552 1956 586 condemnationes

122 611 233 643 factas
256 621 320 653 per
342 612 639 653 praedecessorem
664 623 758 643 suum
783 612 883 644 valde
908 621 1059 654 magnas.
1104 611 1207 643 Dicto
1231 616 1383 652 tempore
1416 609 1529 641 dictus
1562 613 1677 639 rector
1702 606 1785 638 fecit
1810 604 1899 637 dirui
1924 609 1957 635 et

123 663 276 705 dirupari
300 669 408 696 turres
430 664 465 695 in
490 664 630 696 civitate
653 664 819 702 Mutinae,
844 670 878 696 et
900 670 1015 706 partes
1038 664 1149 695 factas
1172 662 1338 700 Mutinae,
1363 662 1474 694 silicet
1499 661 1622 702 capita,
1646 658 1734 691 misit
1765 658 1955 690 Cremonae

121 721 154 747 et
180 715 263 747 alibi
287 722 321 748 et
344 715 391 747 ibi
416 727 474 748 eas
497 722 586 749 stare
611 717 706 749 fecit.

206 768 377 800 Dominus
400 769 593 801 Bernardus
623 770 766 802 Rubeus
792 770 835 802 de
859 768 981 801 Parma
1013 769 1168 801 Potestas
1191 768 1346 800 Mutinae
1371 767 1430 808 [in]
1458 766 1634 809 M.ccxxv]'
1659 775 1722 806 per
1743 765 1766 808 j.
1799 772 1921 794 annum
1935 760 1956 792 ⁴.

61 821 100 852 10
123 821 225 852 Dicto
248 827 402 863 tempore
427 822 586 854 dominus
617 823 807 864 Imperator
830 822 1032 855 Fredericus
1054 821 1148 853 venit
1171 821 1205 852 in
1229 820 1437 853 Lombardia
1459 819 1551 861 apud
1575 818 1737 850 Sanctum
1769 816 1961 858 Johannem

121 874 156 904 in
181 873 399 906 Persexetum
425 875 599 907 districtus
622 876 798 907 Bononiae
822 876 866 907 de
890 885 1005 907 mense
1029 874 1143 911 madii,
1160 873 1218 905 ubi
1244 873 1354 905 eidem
1379 873 1517 904 fuerunt
1541 871 1675 904 obviam
1699 870 1955 903 Cremonenses,

123 927 335 964 Parmenses,
352 927 493 970 Regini,
507 927 731 966 Mutinenses,
749 934 783 960 et
798 929 883 960 haec
901 927 966 959 fuit
983 926 1121 959 occasio
1138 937 1283 969 guerrae
1299 926 1388 957 inter
1404 925 1620 956 Mutinenses
1636 929 1670 954 et
1685 921 1921 954 Bononienses
1936 918 1957 950 ⁵.

123 979 224 1011 Dicto
240 985 392 1021 tempore
409 980 474 1024 111]Ὃ
490 991 598 1013 nonas
614 981 765 1013 octobris
783 986 921 1012 sanctus
937 979 1142 1012 Franciscus
1167 980 1210 1011 de
1235 978 1349 1011 seculo
1366 976 1631 1019 transmigravit.
1677 975 1780 1006 Dicto
1804 979 1958 1014 tempore

121 1041 244 1074 magna
261 1031 398 1064 caristia
414 1033 491 1070 fuit,
507 1038 541 1065 et
557 1033 773 1065 aedificatum
790 1033 856 1065 fuit
871 1033 1028 1066 Castrum
1044 1030 1219 1064 Leonem⁶
1235 1042 1298 1073 per
1312 1031 1524 1062 Mutinenses
1541 1035 1574 1061 et
1591 1029 1748 1061 Castrum
1765 1028 1934 1059 Francum
1948 1023 1959 1038 ⁷

60 1082 97 1115 15
122 1094 186 1126 per
207 1084 453 1123 Bononienses‚
485 1092 518 1118 et
548 1085 617 1118 alia
648 1087 754 1118 multa
785 1092 896 1118 castra
910 1084 930 1117 ⁸.
976 1085 1079 1117 Dicto
1112 1090 1265 1126 tempore
1296 1084 1363 1115 fuit
1394 1083 1524 1125 primus
1552 1082 1722 1113 exercitus
1744 1080 1789 1111 ad
1812 1083 1959 1111 castrum

121 1137 252 1180 Bacani
265 1137 287 1169 ⁹.
333 1137 437 1170 Dicto
462 1145 614 1180 tempore
638 1138 706 1170 fuit
729 1138 897 1180 proelium
922 1139 958 1170 in
982 1138 1179 1180 Campanea
1203 1137 1322 1169 Sancti
1347 1136 1480 1182 Cesarii
1504 1141 1537 1167 et
1560 1141 1642 1168 tunc
1667 1139 1815 1166 castrum
1841 1130 1960 1163 Sancti

122 1189 255 1234 Cesarii
280 1196 417 1232 captum
442 1191 509 1223 fuit
530 1202 592 1233 per
614 1191 848 1223 Bononienses
862 1190 894 1223 ¹⁰.

214 1308 236 1325 1.
256 1302 324 1325 turis
342 1301 385 1330 A.,
407 1303 451 1326 Cr.
472 1316 503 1320 —-
523 1309 547 1333 3.
567 1302 737 1334 condepnat.
757 1303 790 1326 A.
804 1315 815 1320 -

834 1303 864 1326 in
883 1302 1007 1327 Civitate
1025 1301 1114 1326 factae
1132 1302 1208 1326 Mna.
1223 1315 1254 1318 —
1275 1308 1299 1331 4.
1314 1308 1330 1325 a
1349 1300 1408 1325 Kal.
1428 1300 1505 1325 MUR.
1520 1314 1551 1317 —
1571 1299 1625 1323 6-8.
1640 1299 1786 1322 Dicto....

1807 1298 1879 1320 stare
1892 1295 1960 1318 tecit

125 1350 172 1366 om.
192 1343 269 1366 MUR.
289 1357 320 1360 —
342 1343 365 1367 8.
380 1350 428 1367 eos
451 1345 494 1368 Cr.
514 1358 545 1361 -ψ
570 1351 656 1376 10-13.
677 1345 825 1368 Dicto....
846 1344 1064 1375 transmigravit,
1087 1351 1136 1368 om.
1157 1343 1232 1367 Μυκ.
1246 1357 1278 1360 —
1296 1349 1335 1367 10.
1351 1342 1527 1366 Pedes-ericus
1547 1341 1596 1371 Α.;
1612 1341 1707 1364 Feder.
1729 1340 1773 1364 Cr.
1789 1351 1820 1354 —
1838 1344 1876 1362 11.
1897 1337 1962 1360 Per-

124 1384 208 1408 siceto
225 1385 269 1408 Cr.
283 1398 314 1401 —
332 1391 371 1416 13.
385 1386 594 1418 transgrimauit
607 1385 641 1410 A.
655 1399 686 1403 —
704 1390 791 1417 14-15.
805 1386 832 1409 et
844 1385 1032 1410 aedificatum.

123 1468 212 1492 Sonza
232 1468 257 1499 (“
267 1468 340 1500 quod
364 1469 562 1493 mollendinum
587 1469 741 1502 appellatur
767 1469 965 1493 mollendinum
985 1469 1018 1493 de

125 1510 138 1522 ‘⁴
150 1509 239 1533 Sonza
258 1510 285 1533 et
302 1511 345 1534 est
364 1510 487 1543 positum
507 1511 616 1535 Mutine
636 1512 661 1535 et
674 1510 845 1534 eonfmatum
860 1510 895 1534 ab
909 1517 965 1534 uno
979 1510 1017 1534 la-

125 1551 206 1574 “tere
225 1551 319 1576 strada
339 1552 478 1576 mediante
497 1552 601 1581 canale,
616 1553 650 1576 ab
664 1552 719 1576 alia
734 1552 841 1576 fassina
855 1552 982 1576 civitatis
993 1569 1015 1582 ,Π

123 1591 292 1616 documento
311 1593 340 1616 in
359 1593 451 1623 Mem„
464 1600 508 1617 an.
526 1600 601 1624 1330,
621 1602 647 1617 n.
672 1596 757 1625 1042),
771 1593 844 1617 forse
871 1593 914 1616 dal
934 1600 1016 1617 nome

123 1632 189 1657 delle
207 1640 291 1665 acque
309 1634 360 1658 che
378 1642 462 1658 erano
481 1635 553 1659 state
572 1635 716 1659 allacciate
736 1635 777 1659 nel
800 1641 874 1665 1224.
906 1635 934 1659 Si
949 1642 1015 1659 con-

123 1674 214 1698 fronti
237 1682 265 1698 su
287 1677 358 1700 tutto
377 1676 422 1700 0ἱὸ
443 1678 516 1706 Tm„
530 1677 602 1706 Diam,
622 1676 642 1706 Ι,
667 1683 724 1708 109,
748 1682 812 1707 1153
832 1676 866 1705 ΙΙ,
889 1682 944 1707 157.

211 1715 232 1731 ¹²
251 1717 288 1747 (v.
295 1721 325 1748 p.
339 1718 382 1749 14)
398 1718 436 1743 Le
449 1718 520 1743 scale
532 1720 638 1743 esterne
652 1719 693 1743 del
706 1718 815 1750 palazzo
829 1718 958 1742 edificate
972 1718 1014 1742 nel

126 1764 190 1790 1217
210 1758 312 1784 furono
326 1760 373 1793 poi
393 1761 523 1785 demolite
548 1761 590 1785 nel
604 1761 696 1785 secolo
710 1760 760 1785 XV
780 1758 828 1793 (cf.
848 1760 1015 1784 SANDONNI-

123 1807 164 1830 NI,
184 1809 210 1834 p.
233 1800 302 1832 101).

211 1840 219 1857 ¹
239 1843 288 1867 Nel
310 1849 376 1876 1224
394 1843 422 1867 fu
442 1844 581 1869 assediato
601 1844 647 1869 dai
667 1845 832 1869 Mantovani
846 1852 860 1868 e
880 1844 1013 1868 Veronesi

126 1883 269 1909 “castrum
289 1886 416 1910 Bondeni
442 1886 474 1910 de
493 1887 628 1916 Burana„
650 1885 727 1916 (Ana.
749 1888 836 1911 lilani.
856 1886 884 1910 in
904 1886 945 1909 M.
970 1886 1012 1915 G„

124 1926 196 1956 XIX,
217 1926 269 1958 26),
289 1927 339 1952 che
358 1926 372 1952 ὲ
393 1928 526 1952 Bondeno
546 1928 688 1953 ferrarese.

211 1966 222 1982 2
241 1968 347 1997 Questo
367 1967 381 1993 ὲ
399 1969 418 1993 11
437 1970 529 2003 primo
549 1977 672 1994 accenno
692 1978 708 1995 a
727 1969 864 1994 discordie
877 1969 1014 1994 cittadine

124 2009 153 2034 in
173 2010 309 2041 Modena3
329 2018 373 2035 ma
393 2018 511 2036 nessuna
532 2011 639 2036 traccia
653 2019 680 2036 se
694 2011 759 2036 n’ha
772 2012 816 2036 nei
831 2011 915 2044 pochi
929 2011 1014 2034 docu-

124 2051 209 2075 menti
230 2053 372 2084 superstiti
386 2053 414 2076 di
428 2053 509 2085 quelli
528 2053 611 2077 anni:
631 2054 654 2077 le
673 2053 904 2084 condannagioni
919 2053 1014 2076 dovet-

124 2094 183 2117 tero
202 2101 290 2118 essere
310 2095 393 2119 multe
412 2095 512 2120 inflitte
531 2096 567 2120 ad
586 2095 730 2120 entrambe
749 2096 772 2119 le
791 2095 905 2125 fazioni,
927 2101 983 2118 non
997 2101 1012 2118 a

123 2135 211 2167 quella
230 2135 287 2160 sola
307 2136 357 2160 che
376 2137 400 2160 si
420 2135 578 2170 impadroni
597 2137 664 2162 della
684 2136 886 2166 Ghirlandina3
905 2136 1013 2160 sembra

124 2176 300 2202 dimostrarlo
320 2178 339 2201 il
352 2180 488 2203 carattere
501 2179 624 2211 generale
638 2179 682 2203 dei
697 2178 920 2211 provvedimenti
934 2178 1013 2201 adot—

123 2218 176 2242 tati
197 2219 240 2242 dal
260 2217 374 2251 podesta
393 2220 529 2244 dell’anno
549 2221 684 2253 seguente.

211 2258 222 2275 ³
242 2252 262 2284 E
277 2261 297 2284 il
312 2262 450 2286 marchese
464 2261 621 2287 Cavalcabo
633 2263 745 2294 signore
758 2261 787 2286 di
798 2261 927 2286 Viadana
937 2261 1014 2293 (con-

123 2301 209 2326 ferma
223 2301 252 2325 di
265 2302 398 2326 Federico
411 2303 437 2327 II
450 2303 494 2327 del
512 2304 586 2334 1226,
600 2303 630 2326 in
644 2304 796 2333 Romnum,
811 2303 887 2332 Acta,
902 2310 928 2326 n.
944 2301 1013 2333 786),

125 2343 143 2367 il
162 2344 240 2374 quale
258 2342 287 2368 fu
305 2342 423 2377 podesta
441 2345 470 2368 di
489 2351 585 2369 nuovo
603 2352 620 2369 a
638 2345 760 2369 Modena
778 2345 824 2368 nel
847 2350 921 2376 1230,
936 2352 949 2368 e
970 2343 1015 2367 nel

127 2391 193 2417 1229
210 2393 299 2410 aveva
317 2387 415 2410 tenuta
435 2386 464 2410 lo
483 2388 572 2411 stesso
592 2387 680 2410 ufficio
699 2387 729 2410 in
748 2387 863 2410 Parma:
883 2386 926 2410 nel
948 2392 1011 2409 1221

122 2434 210 2452 aveva
229 2435 370 2460 promesso
389 2428 416 2451 di
441 2429 619 2460 partecipare
636 2428 692 2453 alla
719 2429 849 2453 crociata
867 2436 920 2452 con
941 2428 1014 2452 dieci

123 2470 232 2493 nomini
252 2470 352 2494 armati
371 2477 385 2493 e
400 2471 443 2494 nel
466 2476 530 2502 1232
550 2470 578 2494 fu
599 2471 728 2495 sconfitto
751 2479 768 2495 a
790 2470 947 2495 Moncasale
968 2470 1013 2494 dai

123 2510 279 2535 Ghibellini
305 2510 333 2533 di
358 2511 466 2543 Reggio
491 2511 584 2543 (Lam,
612 2513 682 2543 Reg.
708 2512 781 2536 card.
812 2513 863 2543 Ug.
890 2511 1013 2541 d’Ostia,

122 2559 148 2584 p.
172 2550 239 2583 130).
271 2551 308 2576 Di
327 2553 424 2585 questo
443 2550 559 2585 podest&
583 2560 597 2576 0
616 2553 659 2578 dei
679 2553 901 2586 provvedimcnti
921 2552 956 2577 da
975 2552 1014 2577 lui

121 2593 244 2617 adottati
257 2601 304 2626 per
316 2593 427 2618 frenare
446 2594 486 2618 sul
499 2601 610 2619 nascere
628 2595 651 2619 le
670 2595 777 2619 fazioni
797 2594 934 2625 (esazione
948 2594 1015 2618 delle

123 2635 207 2659 multe
225 2635 327 2659 inflitte
346 2635 389 2660 dal
409 2636 608 2668 predecessore,
628 2636 831 2661 abbattimento
857 2636 924 2660 delle
943 2636 1013 2659 torri

122 2676 270 2708 gentilizie,
289 2676 480 2702 confinazione
500 2678 543 2701 dei
562 2679 706 2711 capiparte
719 2685 735 2702 a
750 2677 888 2702 Cremona
902 2685 916 2701 e
929 2677 1013 2701 altro-

123 2716 165 2748 ve)
186 2724 243 2741 non
264 2717 277 2742 ὲ
297 2718 414 2743 rimasto
433 2719 514 2743 alcun
536 2719 712 2743 documento.

212 2758 223 2774 4
244 2759 403 2784 Podesteria
422 2760 597 2785 confermata
617 2761 660 2785 dal
679 2760 771 2793 primo
786 2761 829 2785 dei
842 2762 884 2785 tre
897 2760 1013 2793 diplomi

123 2802 151 2825 di
172 2802 304 2826 Federico
323 2802 349 2825 ΙΙ
369 2809 385 2826 a
404 2802 501 2826 favore
521 2803 563 2827 dei
583 2803 736 2833 Modenesi,
757 2803 847 2827 datati
866 2803 902 2827 da
920 2804 1014 2834 Borgo

122 2843 178 2867 San
197 2843 322 2873 Donino,
341 2843 445 2876 giugno
466 2843 531 2867 1226
552 2844 634 2875 (ΕΒ,
654 2852 680 2868 n.
708 2844 756 2868 82:
783 2841 1013 2874 “BerardiTsRol.

123 2884 278 2914 “Rubei„3
297 2885 383 2913 Mun„
402 2884 475 2913 Ant„
494 2885 617 2915 II,'7053
637 2885 687 2915 IV,
708 2891 766 2916 215,
787 2884 858 2917 415).

211 2924 222 2939 5
242 2926 372 2950 Federico
387 2926 411 2949 II
431 2934 518 2950 venne
531 2927 681 2951 nell’Italia
694 2927 835 2960 superiore
849 2926 1013 2960 nell’aprilc:

124 2967 194 2991 dalla
212 2968 358 3000 Romagna
385 2976 433 3000 pcr
460 2968 546 2993 Imola
564 2976 578 2992 e
604 2969 744 2993 Medicina
770 2968 852 3002 passo
871 2968 970 3001 quindi
995 2975 1012 2992 a

1043 1403 1048 1409 .
1059 1403 1079 1409 ..
1094 1386 1194 1413 castra,
1208 1393 1254 1408 om.
1268 1385 1344 1408 MUR.
1359 1398 1391 1401 —
1414 1383 1453 1407 16.
1468 1383 1594 1411 Bazzani,
1610 1383 1655 1407 Cr.
1670 1390 1682 1404 e
1696 1380 1744 1405 cosi
1758 1383 1842 1410 sparso
1857 1380 1961 1402 altrova

1071 1468 1125 1492 San
1147 1468 1291 1492 Giovanni
1312 1468 1341 1491 in
1362 1467 1502 1491 Persiceto
1527 1466 1616 1495 (Rrec.
1637 1472 1675 1488 DA
1701 1466 1905 1488 SANGERMANO
1931 1463 1960 1485 in

1070 1510 1111 1532 AI.
1136 1510 1178 1538 G.‚
1199 1509 1271 1537 XIX,
1292 1508 1360 1540 3463
1381 1509 1449 1532 Arm.
1459 1508 1576 1538 placent.
1598 1507 1628 1530 in
1648 1507 1689 1529 fil.
1707 1505 1750 1534 G.,
1771 1504 1872 1534 XVIII,
1893 1504 1961 1535 4693

1069 1551 1107 1574 M.
1128 1551 1285 1580 GRIFFON1‚
1304 1551 1385 1575 illem.
1406 1551 1435 1573 in
1456 1550 1519 1573 RR.
1540 1549 1579 1572 II.
1602 1548 1663 1577 SS„
1683 1547 1784 1576 XVIII,
1808 1553 1865 1575 110,
1891 1545 1959 1569 cdiz.

1070 1592 1193 1621 Sorbelli,
1207 1600 1232 1624 p.
1246 1591 1269 1621 8,
1281 1592 1309 1616 ll.
1324 1591 1430 1623 42-46):
1446 1599 1511 1624 pare
1524 1598 1571 1623 per
1585 1591 1655 1614 altro
1669 1590 1719 1613 che
1733 1589 1762 1612 in
1777 1587 1962 1620 quest'ultimo

1068 1635 1152 1665 luogo
1173 1634 1191 1657 il
1212 1641 1261 1657 suo
1280 1634 1397 1658 esercito
1417 1634 1503 1657 stcsse
1521 1633 1686 1664 accampato
1704 1629 1752 1663 piu
1773 1629 1927 1657 settimanc,
1947 1636 1962 1652 e

1068 1677 1119 1700 che
1131 1675 1324 1708 l’imperatorc
1343 1676 1371 1699 vi
1391 1675 1414 1699 si
1435 1676 1559 1699 trovasse
1579 1673 1629 1697 due
1649 1673 1730 1702 volte,
1750 1672 1823 1695 l‘una
1837 1672 1880 1694 tra
1894 1670 1913 1694 il
1930 1676 1962 1699 19

1067 1726 1081 1742 e
1101 1718 1120 1740 il
1140 1723 1171 1741 22
1191 1718 1286 1750 aprile,
1306 1717 1395 1742 l‘altra
1421 1717 1440 1740 il
1468 1723 1498 1748 13
1514 1716 1626 1748 maggio
1650 1715 1697 1746 (cf.
1718 1715 1868 1742 Boaimssk,
1889 1713 1960 1743 Reg-

1070 1758 1134 1783 1602
1145 1768 1170 1788 a,
1186 1749 1258 1783 '1606
1268 1759 1300 1789 c).

1156 1799 1166 1815 ὓ
1186 1801 1206 1824 Il
1229 1802 1326 1825 nostro
1346 1802 1472 1826 cronista
1492 1800 1617 1832 anticipa
1637 1799 1665 1822 di
1685 1806 1722 1822 un
1742 1805 1818 1822 anno
1831 1796 1960 1820 l‘edifica-

1067 1844 1146 1867 zione
1164 1843 1191 1866 di
1212 1842 1305 1867 Castel
1325 1844 1425 1873 Leone,
1440 1843 1490 1866 che
1504 1848 1580 1866 sorse
1594 1849 1641 1874 per
1655 1847 1739 1873 opera
1753 1839 1797 1863 dei
1813 1838 1956 1863 Modenesi

1067 1885 1135 1908 sulla
1156 1885 1201 1909 via
1221 1885 1330 1915 Emilia,
1350 1884 1511 1909 all’incirca
1530 1883 1600 1908 nella
1620 1880 1733 1906 localita
1746 1882 1794 1905 0110
1809 1881 1838 1905 fu
1852 1880 1900 1911 poi
1915 1886 1961 1903 oc-

1066 1928 1167 1960 cupata
1187 1927 1231 1952 dal
1251 1928 1334 1951 Forte
1354 1927 1486 1956 Urbano3
1511 1926 1578 1950 ebbe
1603 1925 1661 1949 vita
1685 1924 1857 1952 brevissima,
1883 1929 1961 1946 come

1067 1968 1196 1992 vedremo
1217 1969 1315 2001 meglio
1334 1970 1410 1992 sotto
1429 1968 1522 1992 l'anno
1545 1972 1608 1998 1237
1630 1965 1674 1997 (cf.
1690 1967 1757 1989 nota
1780 1971 1801 1993 1,
1816 1972 1842 1996 p.
1862 1963 1915 1994 21).

1154 2009 1165 2024 ⁷
1186 2010 1380 2035 Castelt'ranco
1392 2010 1421 2033 t'u
1434 2009 1606 2033 cominciato
1621 2008 1662 2032 nel
1680 2013 1754 2038 1227,
1765 2013 1843 2030 come
1856 2013 1960 2037 propu-

1066 2052 1184 2084 gnacolo
1204 2052 1248 2076 dei
1267 2052 1425 2084 Bolognesi,
1440 2051 1507 2074 sulla
1520 2050 1566 2074 via
1585 2050 1695 2078 Emilia,
1709 2056 1725 2072 a
1746 2047 1832 2072 difesa
1847 2047 1887 2071 del
1901 2047 1960 2070 loro

1066 2093 1175 2118 confine
1193 2094 1373 2123 occidentale,
1387 2101 1401 2117 e
1414 2093 1557 2124 compiuto
1572 2092 1613 2115 nel
1630 2092 1712 2121 12283
1731 2097 1811 2114 come
1829 2089 1852 2113 si
1865 2089 1961 2117 ritrae,

1067 2135 1135 2160 oltre
1154 2136 1204 2160 che
1224 2136 1270 2159 dai
1289 2136 1406 2159 cronisti
1426 2134 1567 2166 bolognesi
1588 2133 1755 2164 (Gmrrom,
1774 2140 1801 2162 p.
1820 2139 1844 2163 9,
1864 2131 1880 2155 1,
1901 2130 1924 2160 8,
1946 2138 1959 2153 e

1067 2177 1092 2202 la
1108 2178 1167 2202 Chr.
1182 2179 1230 2201 lat.
1244 2177 1309 2207 bon„
1328 2183 1406 2208 1227:
1422 2176 1499 2200 “fata
1513 2175 1568 2200 fuit
1587 2174 1748 2207 designacio
1766 2173 1859 2198 Casti-i
1875 2173 1961 2197 Fran-

1066 2219 1112 2242 chi
1127 2218 1160 2250 „)‚
1179 2219 1267 2243 anche
1290 2219 1324 2243 da
1343 2220 1438 2250 questa
1458 2218 1605 2241 iscrizione
1632 2217 1739 2239 murata
1761 2216 1868 2239 tuttora
1888 2215 1960 2239 nella

1067 2267 1130 2284 casa
1149 2260 1306 2284 comunale:
1329 2260 1409 2284 “Hoc
1430 2267 1510 2291 opuS,
1523 2260 1575 2283 hoc
1591 2260 1722 2287 castrum,
1738 2265 1780 2281 res
1794 2257 1844 2281 has
1857 2264 1961 2289 cogno-

1068 2301 1080 2313 “
1093 2302 1162 2326 scite
1183 2303 1276 2334 gestas
1298 2301 1369 2326 Cum
1388 2301 1441 2325 fuit
1462 2301 1616 2325 Ubertus
1636 2299 1753 2330 prudens
1774 2300 1802 2322 et
1820 2299 1894 2322 clara
1913 2306 1962 2329 po-

1068 2343 1193 2371 “testas3
1213 2342 1240 2366 Is
1260 2343 1345 2366 Vice
1365 2349 1481 2373 namque
1502 2348 1618 2365 comes
1638 2348 1697 2364 non
1716 2347 1732 2364 a
1752 2341 1831 2372 patre
1845 2339 1962 2370 degene-

1069 2385 1082 2397 “
1091 2385 1174 2414 ravit,
1188 2384 1241 2408 Sed
1254 2392 1340 2416 genus
1355 2385 1381 2408 et
1395 2384 1515 2415 patriam
1530 2383 1632 2406 virtute
1646 2390 1695 2406 sua
1709 2381 1868 2406 decoravit:
1883 2380 1961 2404 Anni

1069 2426 1242 2450 “currebant
1267 2426 1381 2450 Domini
1407 2427 1472 2449 tune
1501 2425 1590 2448 mille
1617 2423 1758 2448 ducenti
1786 2423 1879 2448 Octo
1908 2422 1962 2445 vi-

1069 2468 1081 2481 “
1091 2468 1126 2499 gi
1136 2468 1199 2498 nti,
1213 2469 1292 2501 prior
1306 2470 1347 2492 est
1361 2468 1482 2492 indictio
1497 2467 1593 2496 menti,
1608 2467 1700 2497 Atque
1714 2465 1864 2498 potestatis
1880 2464 1958 2488 miles

1070 2509 1082 2521 “
1093 2510 1234 2534 Petratius
1248 2511 1330 2534 huius
1344 2511 1449 2533 Rector
1463 2510 1522 2533 erat
1534 2509 1630 2538 castri,
1645 2509 1724 2540 viget
1738 2507 1858 2537 undique
1871 2506 1962 2538 gloria

1069 2552 1081 2565 “
1092 2552 1186 2582 cuius3
1199 2553 1270 2576 Nam
1283 2552 1440 2576 libertatem
1454 2552 1614 2575 meruerunt
1627 2551 1673 2574 hic
1686 2550 1849 2574 habitantes
1862 2548 1960 2572 Nobile

1067 2594 1150 2617 “tam
1171 2593 1337 2617 Castrum
1365 2592 1533 2616 francum
1555 2593 1587 2616 de
1607 2591 1665 2615 iure
1685 2592 1821 2615 vocantes
1833 2607 1855 2620 ,‚.

1155 2634 1165 2649 ὅ
1185 2635 1214 2659 Si
1234 2633 1357 2658 riferisce
1377 2634 1531 2658 senz’alcun
1552 2633 1656 2657 dubbio
1677 2633 1704 2657 ai
1725 2632 1831 2657 castelli
1854 2638 1965 2656 enume-

1067 2677 1122 2701 rati
1142 2678 1221 2700 sotto
1241 2676 1334 2700 l’anno
1354 2676 1489 2707 seguente.

1153 2716 1164 2732 ⁹
1183 2718 1289 2746 Questa
1301 2717 1407 2740 notizia
1422 2717 1449 2740 di
1463 2724 1517 2740 una
1532 2717 1620 2750 prima
1635 2717 1793 2750 spedizione
1807 2724 1823 2740 a
1838 2717 1962 2740 Bazzano

1067 2759 1120 2793 pub
1139 2767 1227 2784 essere
1247 2758 1468 2791 un'incompleta
1487 2759 1694 2791 anticipazione
1714 2759 1742 2782 di
1764 2759 1851 2790 quella
1875 2759 1926 2782 che
1945 2757 1959 2782 “e

1067 2802 1132 2826 data
1151 2802 1226 2824 sotto
1245 2801 1339 2824 Panno
1363 2805 1446 2830 1227?
1466 2807 1510 2824 ma
1535 2801 1666 2833 potrebbe
1690 2801 1778 2824 anche
1803 2807 1955 2824 accennare

1065 2842 1199 2866 all⁷invi0
1219 2842 1249 2865 in
1269 2842 1328 2873 quel
1347 2842 1429 2874 luogo
1449 2842 1478 2866 di
1498 2850 1535 2866 un
1549 2842 1672 2874 presidio
1687 2843 1839 2871 modencse,
1854 2842 1883 2864 in
1898 2849 1958 2874 prc-

1065 2884 1174 2908 visione
1194 2883 1263 2907 della
1281 2891 1380 2915 guerra.
1406 2884 1456 2907 che
1483 2884 1507 2907 si
1536 2884 1708 2907 minacciava
1735 2884 1780 2907 dai
1808 2883 1955 2914 Bolognesi

1067 2925 1114 2957 (cf.
1136 2926 1208 2955 Tm„
1228 2926 1321 2957 Mem„
1340 2925 1390 2955 IV,
1409 2925 1462 2957 46).

1154 2966 1175 2982 ¹⁰
1194 2968 1292 2992 Anchc
1313 2970 1408 3000 questo
1428 2969 1516 3000 punto
1536 2975 1593 2992 non
1613 2967 1627 2992 “c
1651 2969 1703 2992 ben
1723 2968 1834 2992 chiaro:
1856 2975 1911 2991 non
1934 2966 1957 2991 si

1990 1626 2021 1651 45

1990 2042 2021 2068 55

1989 2248 2023 2272 60

1993 2890 2023 2915 75
