2423 3561
82 811 120 841 10

86 1052 121 1083 15

80 1296 122 1325 20

80 1541 121 1572 25

82 1831 124 1863 30

78 2162 119 2193 35

81 2493 121 2524 40

77 2819 116 2851 45

856 223 1262 259 INTRODUZIONE

157 298 1986 306 ........................................................................................................................................................................................................

333 355 413 389 Chr.
438 356 477 387 ‚F
472 357 567 398 rign.

260 409 399 433 redazione
426 411 631 434 Muratariaua:

154 477 228 500 undo
249 478 336 509 ipsam
358 477 501 500 civitatem
521 478 548 500 et
568 485 582 500 a
607 476 729 507 quodam

153 526 308 557 presbitero
331 526 420 549 amico
448 533 496 549 suo
523 526 597 549 ultra
623 525 728 548 Padum

155 576 181 598 in
203 582 259 598 uno
279 574 397 598 battello
417 576 612 606 trasportatus.
634 581 728 597 versus

153 624 268 655 propria
288 630 397 654 gressus
417 623 528 646 direxit.
569 622 632 649 Quo
656 624 728 646 scito

153 672 179 696 (1.
199 671 364 695 BonisacIus
383 671 416 694 de
435 670 607 702 Savignano‚
634 670 727 695 Corti-

153 720 217 744 silia
227 720 260 744 de
270 720 488 751 Montegarulio,
500 720 562 743 Azo
573 721 605 743 de
619 720 728 751 Avriga

152 770 179 791 et
199 767 350 791 Bazalinus
369 767 522 791 Rastaldus
541 767 574 790 de
595 768 727 790 mandato

151 818 260 841 domini
273 817 446 841 Marchionis
462 818 601 848 persecuti
615 817 727 840 fuerunt

151 873 212 890 eum
226 865 260 889 ad
272 867 363 897 partes
375 865 520 896 Frignani,
533 866 623 896 ipsum
634 867 726 888 tamen

151 914 301 945 adiungere
316 921 371 937 non
386 914 520 942 valentes,
531 915 597 944 quia
608 921 655 946 per
668 914 727 937 vias

151 964 311 993 incognitas
323 962 359 986 ad
372 963 486 994 propria
500 963 643 986 remeavit.
674 962 726 986 Sed

150 1011 346 1041 Primadicius‚
366 1011 495 1034 officialis
515 1011 549 1034 ad
569 1011 726 1034 custodiam

151 1060 286 1089 Mutinae,
295 1060 339 1083 die
351 1059 496 1083 dominico
509 1060 627 1090 septimo
640 1060 724 1082 madii

150 1115 213 1132 cum
222 1109 305 1132 certis
317 1108 457 1138 equitibus
466 1108 727 1131 Montemflorenum

150 1157 275 1185 accessit,
289 1165 343 1187 quo
364 1158 518 1188 improviso
539 1159 647 1189 reperto
662 1163 726 1188 pro-

151 1208 212 1237 pter
235 1206 390 1229 absentiam
411 1204 568 1230 Guielmini
588 1206 620 1229 de
646 1205 727 1229 Mon-

151 1254 286 1279 tecuculo.
306 1254 450 1278 hostiliter
471 1255 585 1281 invasit,
599 1254 728 1278 Baldasa-

152 1310 207 1326 rem
221 1302 309 1326 filium
323 1302 470 1335 parvulum
485 1302 554 1326 dicti
570 1301 725 1326 Guielmini

151 1352 225 1383 cepit
239 1351 384 1383 ipsumque
396 1351 551 1374 Ferrariam
565 1351 656 1374 (luxit.
676 1350 727 1374 Cu-

150 1400 194 1424 ius
218 1400 357 1424 novitatis
383 1407 463 1423 causa
490 1399 586 1423 omnia
612 1399 727 1423 castella

151 1449 290 1472 Abbatiae
304 1450 331 1472 et
352 1447 513 1472 Comitatus
527 1455 554 1472 se
569 1455 596 1472 se
610 1448 726 1472 domino

151 1497 308 1521 Marchioni
329 1497 543 1521 rebellaverunt.

968 355 1047 387 Chr.
1070 356 1200 397 Frign.

928 411 1067 434 redazione
1087 410 1233 434 Albiuelli:

786 479 841 500 tem
861 479 887 500 ct
907 484 923 500 a
942 478 1062 508 quodam
1089 478 1243 508 presbitero
1271 477 1360 500 amico

784 531 834 549 suo
854 525 927 549 ultra
947 525 1052 549 Padum
1079 533 1139 549 cum
1166 532 1216 548 suo
1241 525 1360 549 battello

784 575 971 605 transportatus
981 581 1075 597 versus
1084 575 1197 606 propria
1205 581 1314 604 gressus
1323 573 1361 597 di-

785 623 866 645 rexit.
905 621 970 649 Quo
990 622 1062 646 scito
1082 624 1109 646 et
1130 622 1219 649 illico,
1245 622 1360 645 Bonifa-

785 671 842 694 tius
854 671 886 694 de
897 671 1069 702 Savignano,
1079 670 1226 694 Cortisilia
1238 671 1270 694 de
1282 670 1360 694 Mon-

784 719 945 750 tegarullio,
966 719 1026 743 Azo
1047 720 1079 743 de
1093 719 1206 750 Aprica.
1220 721 1247 743 et
1262 720 1359 743 Bazza-

784 769 858 792 linus
870 768 1030 797 Rastaldus,
1041 769 1089 799 qui
1100 768 1206 800 pariter
1218 768 1359 792 Feri-ariae

784 818 942 848 provisioni
964 817 1033 841 dicti
1055 817 1163 840 domini
1183 816 1360 840 Marchionis

784 866 971 893 morabantur,
991 866 1025 889 de
1045 865 1177 889 mandato
1197 866 1287 896 ipsius
1301 873 1359 897 per-

783 916 868 938 secuti
886 915 998 938 fuerunt
1012 915 1117 938 dictum
1132 914 1359 938 Bartholomeum

783 971 867 994 usque
888 963 921 987 ad
941 965 1033 995 partes
1052 963 1197 994 Frignani,
1213 964 1303 994 ipsum
1323 965 1361 987 ta-

783 1019 846 1035 men
867 1012 977 1042 assequi
1003 1019 1048 1035 seu
1076 1012 1226 1044 adiungere
1242 1019 1298 1036 non
1314 1020 1361 1036 va-

783 1060 871 1084 lentes
890 1061 956 1091 quia
975 1068 1023 1092 per
1043 1061 1115 1084 viam
1131 1061 1307 1092 incognitam
1322 1069 1359 1084 re-

786 1109 889 1132 meavit
903 1109 936 1132 ad
954 1110 1077 1141 propria.
1097 1108 1150 1132 Sed
1163 1109 1360 1137 Primadicius.

782 1157 910 1181 officialis
930 1158 963 1181 ad
983 1158 1140 1181 custodiam
1159 1158 1286 1181 civitatis
1300 1157 1360 1181 Mu-

784 1207 868 1232 tinae,
889 1213 949 1229 cum
976 1207 1085 1230 centum
1112 1206 1253 1237 equitibus
1280 1207 1359 1230 Mon-

783 1254 975 1278 temflorenum
997 1255 1119 1283 accessit,
1133 1261 1189 1285 quo
1203 1255 1360 1286 improviso

784 1304 895 1334 reperto
915 1310 963 1334 per
977 1303 1132 1327 absentiam
1146 1303 1248 1334 prefati
1265 1303 1359 1328 Guiel-

784 1352 853 1375 mini
875 1351 908 1375 de
927 1351 1133 1376 Montecuculo.
1153 1352 1298 1376 hostiliter
1320 1353 1360 1375 in—

783 1401 871 1423 travit
891 1402 918 1423 et
938 1400 1128 1424 Baldassarem
1148 1400 1236 1424 filium
1261 1408 1360 1432 parvu«

783 1449 839 1472 lum
876 1449 944 1472 dicti
978 1448 1133 1472 Guielmini
1166 1450 1193 1472 et
1225 1449 1359 1473 Matteum

784 1497 869 1521 etiam
897 1497 985 1521 filium
1015 1497 1163 1529 parvulum
1195 1497 1359 1529 Albergucii

785 1546 818 1569 de
839 1546 1052 1570 Montecucculo
1073 1546 1155 1577 cepit,
1166 1547 1280 1570 vinctos
1297 1546 1359 1570 Fer-

785 1595 887 1618 rariam
908 1594 998 1618 duxit.
1019 1594 1107 1618 Cuius
1122 1596 1261 1618 novitatis
1277 1602 1360 1619 causa

784 1644 880 1666 omnia
901 1643 1017 1667 castella
1037 1643 1176 1667 Abbatiae
1195 1644 1222 1667 et
1236 1643 1361 1667 Comita-

784 1693 829 1715 tus
849 1698 876 1714 se
898 1698 926 1715 se
945 1691 1072 1722 predicto
1093 1691 1118 1714 d.
1145 1691 1261 1715 domino
1288 1691 1361 1715 Mar-

787 1740 884 1764 chioni
904 1739 1120 1764 rebellaverunt.

1616 354 1781 386 MonANO
1791 366 1798 386 z

1416 478 1475 499 tato
1495 477 1666 500 transeundo
1686 484 1733 507 per
1754 484 1846 500 muros
1861 477 1988 500 civitatis

1414 527 1441 548 et
1463 525 1513 548 ivit
1542 525 1576 549 ad
1602 525 1738 555 quendam
1765 533 1843 549 suum
1868 527 1988 549 amicum

1415 574 1597 606 presbiterum
1621 575 1665 604 qui
1695 574 1723 597 iu
1750 581 1806 598 uno
1833 574 1990 598 burchiello

1415 622 1489 646 ultra
1508 621 1611 646 Padum
1633 624 1768 654 portavit.
1805 623 1840 646 Et
1860 624 1925 646 tunc
1946 624 1991 646 do-

1416 671 1507 693 minus
1518 670 1683 694 Bonisacius
1695 671 1726 693 de
1741 670 1911 701 Savignano‚
1923 670 1990 694 Cor-

1415 719 1491 742 texia
1503 718 1536 742 de
1547 719 1771 749 Montegaruleo,
1784 719 1845 742 Azo
1860 720 1893 742 de
1907 719 1990 743 Avri-

1413 775 1456 799 ga.
1476 769 1503 791 et
1524 768 1686 791 Balzalinus
1706 767 1836 791 Rastaldi
1851 768 1903 792 hoc
1919 769 1989 792 scito

1415 817 1447 839 de
1458 817 1591 840 mandato
1599 816 1774 840 Marchionis
1782 817 1919 848 persecuti
1932 817 1989 840 fue-

1416 866 1481 888 runt
1501 872 1561 888 eum
1584 872 1668 896 usque
1689 866 1717 888 in
1738 865 1924 897 Fregnanum,
1944 866 1990 888 sed

1415 914 1507 936 tamen
1529 915 1619 944 ipsum
1640 914 1790 945 adiungere
1817 921 1872 937 non
1900 914 1991 938 value-

1415 964 1491 986 runt.
1529 962 1563 985 Et
1583 964 1649 986 tunc
1669 962 1865 991 Primadicius,
1889 962 1991 986 officia-

1416 1011 1451 1033 lis
1472 1011 1504 1034 ad
1527 1011 1682 1035 custodiam
1703 1011 1830 1035 civitatis
1856 1011 1992 1041 Mutinae,

1415 1066 1476 1082 cum
1496 1060 1579 1082 certis
1599 1060 1729 1090 gentibus
1748 1060 1922 1090 equestribus
1947 1061 1992 1084 die

1415 1108 1558 1132 dominico
1571 1108 1611 1132 vii
1626 1109 1694 1132 maii
1707 1109 1760 1132 ivit
1772 1109 1804 1132 ad
1817 1108 1992 1133 Montemflo-

1416 1163 1510 1179 renum
1540 1158 1567 1180 et
1596 1158 1670 1189 cepit
1697 1157 1735 1181 ibi
1765 1158 1992 1181 Bartholomeum

1415 1204 1503 1228 filium
1523 1204 1647 1229 Guielmi
1666 1206 1699 1229 de
1712 1205 1932 1235 Montecucullo,
1951 1206 1992 1230 di-

1416 1255 1461 1276 cto
1482 1252 1607 1277 Guielmi
1626 1255 1764 1279 existente
1785 1255 1878 1279 ad....
1908 1262 1993 1285 quan-

1415 1301 1479 1325 dam
1503 1302 1562 1325 eius
1589 1302 1761 1326 fortilitiam.
1800 1302 1887 1327 Cuius
1913 1310 1993 1327 causa

1417 1356 1514 1373 omnes
1534 1352 1622 1374 terrae
1643 1351 1781 1375 Abbatiae
1799 1351 1994 1375 inobedientes

1416 1398 1528 1421 fuerunt
1557 1399 1675 1422 domino
1704 1399 1863 1424 Marchioni
1891 1401 1918 1423 et
1944 1407 1994 1431 pro

1417 1447 1517 1470 maiori
1538 1448 1615 1478 parte
1635 1448 1724 1470 terrae
1749 1449 1777 1470 et
1796 1449 1887 1472 castra
1901 1446 1995 1472 Comi-

1416 1496 1502 1518 tatus.

239 1813 271 1859 E
299 1822 470 1858 evidente
498 1824 565 1858 che
594 1823 629 1858 la
658 1835 816 1859 cronaca
842 1825 1050 1870 frignanese
1078 1835 1152 1858 non
1180 1825 1254 1870 pub
1292 1836 1402 1859 avere
1437 1824 1568 1860 attinto
1605 1825 1722 1871 questi
1757 1825 1924 1860 racconti
1952 1827 1997 1861 ne

151 1890 209 1926 all’
220 1903 288 1926 una
315 1891 362 1924 ne
391 1889 544 1925 all'altra
574 1889 669 1925 delle
699 1890 879 1926 cronache
919 1889 1127 1925 modenesi:
1171 1890 1196 1924 il
1226 1890 1395 1925 Bazzano
1423 1891 1469 1925 ha
1505 1891 1706 1926 solamente
1733 1891 1745 1924 i
1775 1890 1845 1926 due
1872 1892 1992 1937 primi,

149 1957 174 1992 il
201 1957 361 1992 Morano
389 1956 592 1990 solamente
619 1956 643 1990 il
673 1962 788 1991 terzo.
842 1957 991 2001 Eppure
1033 1956 1183 2002 qualche
1213 1967 1298 1992 cosa
1339 1956 1375 1991 di
1405 1968 1560 1991 comune
1599 1956 1654 1991 c’e
1681 1957 1816 2003 perche
1846 1958 1855 1991 i
1885 1958 1995 2003 parti-

150 2023 261 2057 colari
289 2034 382 2058 sono
409 2022 421 2056 i
450 2021 639 2057 medesimi
661 2034 680 2056 e
711 2022 826 2057 anche
854 2022 888 2056 la
915 2022 1135 2068 fraseologia
1163 2023 1196 2057 ci
1224 2028 1392 2069 presenta
1421 2034 1490 2057 una
1520 2023 1738 2058 conformita
1768 2023 1857 2057 assai
1878 2033 1994 2058 osser-

148 2089 280 2124 vabile.
336 2089 466 2123 Percio
496 2089 631 2122 ritorna
658 2088 696 2122 in
725 2099 870 2134 campO,
902 2099 1009 2123 come
1038 2089 1145 2123 unica
1173 2088 1360 2123 soluzione
1397 2088 1582 2134 possibile,
1626 2085 1830 2124 l’esistenza
1858 2088 1894 2123 di
1923 2101 1993 2124 una

149 2156 250 2190 fonte
279 2165 454 2190 comune:
486 2154 637 2200 bisogna
657 2159 873 2189 ammettere
903 2154 970 2189 che
998 2165 1063 2199 per
1090 2154 1113 2188 il
1134 2155 1290 2200 periodo
1310 2155 1377 2190 che
1398 2156 1425 2189 si
1447 2155 1648 2190 estendeva
1669 2154 1702 2188 al
1730 2153 1823 2192 1347
1846 2155 1882 2189 vi
1898 2156 1994 2189 fosse

147 2233 217 2256 una
236 2221 297 2267 piu
325 2220 478 2255 vecchia
499 2231 654 2255 cronaca
683 2219 882 2254 modenese
911 2219 1007 2254 della
1027 2220 1133 2266 quale
1152 2221 1178 2255 si
1200 2221 1343 2255 valsero
1366 2221 1393 2254 il
1412 2222 1592 2263 Bazzano,
1615 2220 1638 2254 il
1667 2220 1828 2256 Morano
1854 2233 1873 2255 e
1902 2220 1992 2255 l’au-

147 2292 229 2322 tore
248 2287 308 2321 del
334 2286 421 2321 Chr.
444 2286 644 2334 Frtgnam'.
676 2286 902 2322 L'esistenza
929 2286 967 2320 di
994 2292 1123 2332 questa
1153 2298 1310 2321 cronaca
1339 2299 1358 2321 e
1379 2287 1413 2321 la
1440 2298 1504 2321 sua
1534 2287 1667 2321 affinita
1696 2298 1766 2321 con
1794 2286 1913 2334 quella
1933 2286 1991 2322 del

147 2355 312 2389 Bazzano
331 2365 349 2387 e
366 2352 424 2387 del
444 2352 602 2388 Mox-ano
624 2352 678 2388 c’e
695 2352 754 2388 del
774 2358 872 2386 resto
892 2356 1061 2387 attestata
1081 2352 1126 2387 da
1146 2364 1215 2386 una
1231 2353 1396 2398 esplicita
1416 2352 1685 2387 dichiarazione
1706 2352 1765 2387 del
1785 2353 1990 2389 PriscianO:

147 2419 263 2467 questi
292 2419 409 2454 infatti
447 2418 606 2453 volendo
643 2424 861 2452 raeeontare
904 2417 1099 2463 l’agguato
1141 2418 1347 2463 proditorio
1383 2424 1463 2452 teso
1492 2430 1511 2452 3
1549 2418 1696 2453 Rivalta
1724 2419 1783 2453 nel
1819 2418 1913 2453 1344
1944 2418 1990 2453 acl

150 2484 292 2520 Obizzo
320 2484 447 2519 d’Este
475 2484 521 2518 da
550 2483 734 2529 Filippino
755 2483 944 2529 Gonzaga,
973 2488 1154 2529 premette
1182 2483 1250 2519 alla
1270 2484 1488 2529 narrazione
1514 2490 1639 2531 queste
1670 2484 1811 2530 parole:
1854 2484 1868 2500 “
1885 2485 1990 2519 volu-

153 2551 168 2568 “
185 2562 264 2585 mus
282 2550 493 2585 insidiosum
513 2550 710 2594 Gonzagae
738 2549 916 2594 impetum
936 2549 1061 2584 alienis
1079 2549 1200 2583 verbis
1221 2549 1439 2594 describere,
1460 2549 1504 2584 ab
1528 2551 1686 2585 Morano
1706 2556 1743 2584 et
1766 2550 1934 2585 Cronaca
1962 2551 1997 2583 V

151 2616 167 2632 ‘⁴
186 2616 286 2650 cuius
304 2617 451 2662 propria
470 2616 560 2650 haec
580 2620 660 2649 sunt
679 2615 790 2649 verba
808 2644 822 2660 „
839 2624 848 2658 3
868 2626 888 2648 e
908 2615 1025 2650 infatti
1044 2616 1068 2649 il
1089 2621 1267 2650 racconto
1287 2617 1355 2650 che
1374 2626 1497 2661 segue,
1519 2616 1665 2651 diverso
1685 2617 1721 2650 in
1748 2617 1863 2652 molte
1895 2618 1988 2663 parti

148 2682 194 2717 da
220 2681 343 2728 quello
371 2681 431 2715 del
460 2681 634 2724 Moram,
665 2693 774 2715 meno
803 2680 975 2715 disforme
1003 2681 1049 2714 da
1078 2680 1201 2727 quello
1230 2681 1289 2716 del
1306 2682 1484 2724 Bazzano‚
1507 2683 1526 2715 ὲ
1548 2683 1639 2717 fatto
1668 2693 1738 2717 con
1757 2682 1883 2728 parole
1902 2695 1987 2729 pro-

147 2748 223 2793 prie
251 2746 287 2780 di
316 2747 466 2782 codesta
499 2746 683 2782 Chronica
702 2749 800 2781 vetas
821 2744 911 2794 (non
930 2746 1138 2792 saprebbesi
1158 2747 1396 2793 interpretare
1415 2748 1611 2782 altrimenti
1641 2748 1665 2782 il
1690 2748 1705 2765 “
1728 2747 1895 2782 Cronaca
1919 2749 1979 2793 V„

147 2811 204 2847 del
232 2810 445 2858 Prisciano),
475 2813 541 2847 che
583 2813 740 2848 esisteva
767 2823 902 2847 ancora
936 2812 972 2846 in
999 2812 1154 2846 Fen-ara
1190 2812 1286 2848 nella
1313 2813 1477 2848 seconda
1504 2814 1601 2848 meta
1630 2813 1689 2847 del
1717 2814 1843 2848 secolo
1870 2815 1946 2850 XV
1961 2811 1985 2848 ¹.

236 2924 243 2940 ¹
265 2926 287 2949 Il
309 2926 480 2956 MURATom,
502 2927 565 2950 RR.
588 2927 625 2949 Il.
652 2926 713 2955 SS,
738 2925 797 2953 XV,
816 2931 874 2957 297,
896 2923 1039 2949 identifico

150 2970 170 2994 il
203 2970 346 2994 Chrom'con
381 2970 455 2994 Vetus
482 2971 570 2994 uitato
597 2971 640 2994 dal
669 2969 828 2994 Pmscuuo
855 2970 942 2994 anche
971 2969 1039 2993 altre

1094 2927 1171 2950 volte
1191 2927 1233 2949 col
1258 2927 1398 2949 chronicon
1428 2927 1536 2950 Esteuse
1565 2928 1598 2950 da
1629 2927 1669 2950 lui
1695 2927 1873 2959 pubblirato:
1902 2936 1943 2952 ma
1970 2928 1984 2953 ὲ

1095 2969 1184 2993 molto
1205 2965 1254 3001 piix
1281 2969 1425 3002 probabih-
1451 2969 1499 2993 che
1528 2969 1545 2991 il
1573 2970 1715 2994 (Ἰινοηῐποη
1743 2971 1817 2994 Vetus
1837 2971 1910 2995 fosse
1930 2979 1982 2995 una

305 3071 336 3095 T.
356 3072 415 3102 XV,
436 3079 460 3104 p.
480 3078 510 3096 ιν
531 3085 562 3089 —
589 3073 618 3098 G.
