2423 3561
837 182 1001 220 INTRO
1008 182 1240 221 DUZIONE
1862 184 1952 221 XLI

117 321 266 352 fructum
291 320 537 352 habitationem
561 326 595 351 et
619 322 712 352 froas
735 321 910 352 cuiusdam
935 321 1033 361 pecie
1058 327 1147 352 terre
1173 321 1383 353 claussurate
1411 332 1488 352 cum
1507 322 1608 353 domo
1623 328 1655 353 et
1668 321 1834 354 hediffitio
1851 331 1952 363 supe-

119 372 260 404 restanti
276 373 469 415 quindecim
487 372 708 404 bobulcarum
733 379 767 404 et
791 373 896 414 pluris
912 374 965 404 vel
990 373 1129 404 minoris
1153 373 1354 414 quantitatis
1379 385 1444 416 que
1469 374 1511 404 sit
1534 374 1646 415 posita
1671 374 1704 404 in
1729 380 1819 405 terra
1846 372 1953 405 Villa-

119 434 205 456 nove
223 425 396 456 districtus
412 425 548 456 Mutine
566 426 736 457 confinate
753 425 795 457 ab
814 435 880 456 uno
897 425 1005 456 latere
1022 425 1144 455 flumen
1162 425 1283 467 Sytule
1307 426 1480 457 mediante
1504 427 1571 463 via,
1588 437 1607 457 a
1624 426 1777 457 secundo
1797 427 1954 457 dominus

117 477 241 508 Paulus
258 477 301 508 de
318 477 524 512 Mirandula‚
541 489 560 508 a
576 478 685 509 tercio
702 477 851 519 Jacobus
870 484 903 508 et
920 476 992 508 Azo
1010 478 1052 509 de
1071 477 1284 509 Guidonibus
1301 484 1334 509 et
1350 489 1369 509 a
1388 484 1508 520 quarto
1524 479 1686 510 fossatum
1702 479 1744 510 de
1762 479 1885 510 medio.
1910 478 1954 509 Et

78 528 96 560 5
121 529 186 561 hoc
217 530 245 561 si
269 530 362 562 dicta
387 530 523 561 domina
546 530 652 561 nollet
675 536 764 561 stare
787 536 821 561 et
846 530 998 561 habitare
1023 541 1099 561 cum
1126 530 1226 562 dictis
1250 531 1317 562 suis
1341 531 1523 562 heredibus
1546 532 1601 563 vel
1625 532 1732 563 altero
1757 541 1874 563 eorum
1898 541 1957 562 seu

119 582 310 623 pacifficare
324 593 400 613 cum
414 583 463 613 eis
480 583 533 613 vel
547 583 654 614 altero
671 593 795 614 eorum.
814 583 858 614 Et
874 583 901 614 si
918 583 1010 614 dicta
1027 583 1164 613 domina
1176 582 1275 614 Betta
1288 584 1390 614 vitam
1407 583 1579 615 vidualem
1597 589 1630 614 et
1646 585 1823 615 honestam
1842 594 1956 615 serva-

122 635 210 666 verit
225 640 260 666 et
276 634 391 666 dotem
409 645 503 665 suam
520 646 588 666 non
605 635 741 676 petierit
760 641 793 666 et
809 635 1012 677 religionem
1026 645 1093 666 non
1106 635 1292 667 intraverit.
1327 635 1430 672 Quod
1447 646 1541 667 suum
1558 641 1792 667 testamentum
1807 636 1878 677 ipse
1894 637 1956 668 do-

118 687 227 718 minus
244 687 438 719 Bonifatius
456 694 488 718 et
505 687 619 719 omnia
636 688 704 719 alia
722 694 756 719 et
779 688 913 731 singula
936 688 970 718 in
995 688 1069 728 ipso
1093 694 1293 719 testamento
1319 694 1480 720 contenta
1505 688 1709 726 ratifficavit‚
1734 688 1956 720 conffirmavit

118 745 153 771 et
169 739 374 781 approbavit
390 740 425 771 in
448 746 565 772 totum.
612 741 655 772 Et
680 741 769 772 hanc
793 751 887 772 suam
911 740 1062 772 ultimam
1087 741 1294 772 voluntatem
1319 742 1462 772 asseruit
1487 751 1561 772 esse
1586 741 1687 778 velle,
1713 752 1813 783 quam
1837 742 1952 773 valere

60 792 97 822 10
120 792 225 823 voluit
249 792 321 823 iure
345 792 594 831 codicillorum,
619 792 710 835 quod
734 792 761 823 si
785 793 857 823 iure
884 792 1118 824 codicillorum
1144 803 1213 824 non
1238 793 1368 825 valeret
1391 795 1507 825 valeat
1531 795 1650 825 saltem
1674 794 1748 825 iure
1773 793 1955 826 cuiuslibet

120 844 260 875 alterius
290 844 407 876 ultime
440 845 622 877 voluntatis
654 850 755 886 prout
777 845 897 876 melius
928 845 1041 876 valere
1074 846 1201 886 poterit
1226 851 1259 877 et
1282 852 1398 877 tenere
1424 852 1457 877 et
1482 853 1596 877 cetera
1620 853 1782 878 contenta
1804 846 1838 877 in
1864 847 1956 879 dicto

122 896 291 929 Codicillo
316 897 447 938 scripto
478 908 540 939 per
572 898 759 929 Iohannem
784 896 826 928 de
851 897 987 928 Bazano
1018 898 1185 929 notarium
1208 898 1242 929 in
1266 899 1386 930 eodem
1411 899 1590 930 millesimo
1616 899 1804 931 indictione
1830 904 1863 930 et
1888 900 1954 933 die.

122 949 246 981 Actum
263 949 397 981 Mutine
416 950 451 980 in
476 950 578 982 domo
604 950 687 981 dicti
705 950 835 981 domini
861 950 1029 992 Bonifacij
1057 956 1090 980 et
1113 950 1330 982 habitationis
1354 951 1461 991 ipsius
1484 952 1596 992 posita
1611 952 1647 982 in
1664 952 1803 983 civitate
1820 951 1953 983 Mutine

123 1001 159 1032 in
191 1002 413 1044 cinquantina
437 1001 557 1033 Sancti
580 1002 702 1044 Jacobi
726 1002 760 1032 in
783 1012 844 1033 rua
868 1001 1062 1043 Galegarie,
1079 1003 1293 1044 presentibus
1310 1003 1450 1035 testibus
1467 1003 1509 1035 ab
1525 1004 1599 1044 ipso
1624 1004 1761 1036 domino
1780 1004 1951 1036 Bonifatio

61 1054 98 1085 15
123 1055 253 1086 vocatis
276 1061 310 1086 et
332 1055 460 1097 rogatis
485 1055 595 1087 silicet
620 1055 754 1086 Pinatio
780 1056 823 1087 de
849 1054 1143 1092 Monbaronzono‚
1168 1056 1318 1087 Iohanne
1342 1056 1420 1087 Zilii
1451 1056 1631 1098 pilhcario,
1663 1056 1795 1098 jacobo
1821 1057 1863 1088 de
1891 1057 1957 1088 Ba-

121 1107 225 1144 rotiIS,
257 1108 400 1139 Andrea
431 1108 473 1139 de
507 1108 685 1150 Garganis‚
722 1109 915 1150 Augustino
950 1108 993 1138 de
1029 1108 1189 1139 Candelis
1222 1114 1256 1139 et
1288 1108 1374 1140 alliis
1409 1115 1445 1140 ut
1477 1109 1567 1140 idem
1602 1110 1755 1140 notarius
1781 1115 1814 1141 et
1844 1109 1956 1141 dictus

124 1159 156 1191 d.
181 1159 373 1191 Bonifatius
396 1161 477 1191 mihi
502 1161 636 1192 notario
661 1161 830 1192 dixerunt.

210 1212 337 1243 Actum
362 1213 494 1244 Mutine
518 1214 552 1244 in
570 1213 711 1254 pallatio
729 1213 835 1244 veteri
860 1214 1014 1245 comunis
1038 1213 1188 1245 eiusdem
1213 1214 1452 1255 [presentibus]
1477 1214 1618 1246 testibus
1635 1215 1806 1257 Rangono
1827 1215 1869 1246 de
1894 1214 1959 1246 Pe-

125 1265 281 1302 trezanis‚
298 1265 439 1297 Andrea
457 1266 500 1297 de
518 1267 751 1297 Fontanaluza
770 1272 803 1297 et
821 1266 907 1297 alliis
925 1272 958 1297 et
975 1276 1039 1308 ego
1063 1266 1237 1307 Johannes
1260 1267 1303 1297 de
1327 1266 1596 1298 Testacalvariis
1621 1267 1789 1308 imperiali
1810 1268 1957 1299 auctori—

58 1320 99 1350 20
124 1325 192 1350 tate
216 1319 369 1350 notarius
394 1325 428 1351 et
452 1329 542 1351 nunc
566 1320 716 1351 notarius
734 1319 981 1350 memorialium
1008 1319 1159 1350 comunis
1184 1317 1318 1351 Mutine
1343 1319 1463 1360 scripsi
1488 1330 1530 1350 ss.

208 1429 401 1464 Bonifacio
430 1428 475 1463 da
504 1429 665 1464 Morano
694 1430 786 1464 mori
815 1441 911 1475 poco
941 1435 1067 1475 tempo
1095 1430 1194 1476 dopo
1230 1441 1317 1464 aver
1350 1435 1573 1475 consegnate
1610 1443 1630 1465 a
1668 1430 1784 1476 questi
1821 1432 1885 1465 atti
1925 1432 1958 1465 le

121 1507 184 1529 sue
212 1495 338 1530 ultime
367 1495 536 1540 volonta3
565 1496 658 1529 mori
689 1495 980 1541 probabilmente
999 1495 1046 1530 1³8
1068 1501 1198 1541 agosto
1226 1496 1333 1538 1349,
1354 1507 1391 1530 se
1421 1508 1480 1530 era
1501 1501 1624 1539 esatta‚
1655 1496 1802 1530 almeno
1822 1503 1957 1544 quanto

122 1561 153 1596 al
181 1562 324 1607 giorno,
355 1561 387 1596 la
416 1573 478 1596 sua
499 1561 660 1608 epigrafe
689 1560 893 1607 sepolcrale
909 1561 931 1594 ¹.
989 1561 1087 1596 Mori
1116 1560 1306 1596 lasciando
1333 1566 1388 1595 tra
1417 1561 1450 1596 le
1480 1567 1578 1597 carte
1608 1562 1640 1596 ai
1670 1562 1808 1607 parenti
1838 1561 1871 1596 la
1891 1574 1954 1597 sua

123 1626 296 1662 Chronica
324 1626 524 1670 circularis,
555 1626 651 1661 dalla
680 1627 786 1673 quale
815 1639 931 1661 aveva
961 1627 1079 1661 levate
1107 1638 1173 1671 per
1201 1638 1342 1672 sempre
1371 1626 1403 1659 le
1432 1626 1527 1659 mani
1550 1625 1619 1660 due
1639 1627 1721 1660 anni
1739 1626 1881 1661 innanzi
1901 1639 1957 1660 re—

46 1695 84 1727 25
114 1692 339 1738 gistrandovi
368 1698 466 1728 sotto
494 1693 518 1726 il
550 1692 570 1726 9
601 1692 716 1738 lnglio
751 1692 845 1729 1347
868 1692 902 1728 le
922 1691 1139 1738 grandinate
1169 1691 1236 1726 che
1266 1702 1434 1726 avevano
1462 1690 1654 1726 devastato
1683 1691 1706 1725 il
1728 1693 1890 1727 contado
1919 1691 1955 1726 di

115 1759 280 1793 Modena
308 1771 327 1793 e
357 1759 390 1793 la
418 1771 507 1804 gran
536 1759 689 1794 carestia
719 1759 785 1793 che
804 1760 840 1792 in
868 1757 1080 1805 quell’anno
1109 1757 1239 1792 desolo
1275 1758 1422 1794 “totam
1451 1758 1590 1793 Italiam
1610 1783 1643 1803 „.
1700 1759 1776 1793 Ora
1806 1758 1830 1792 il
1860 1759 1957 1793 buon

113 1830 254 1869 notai-o,
285 1825 352 1860 che
381 1825 415 1858 fu
446 1825 631 1859 chiamato
662 1836 683 1859 a
702 1835 809 1869 rogas
830 1824 853 1858 il
872 1829 1093 1859 testamento
1114 1824 1150 1858 di
1169 1824 1361 1858 Bonifazio
1383 1823 1428 1857 da
1449 1821 1620 1867 Moram,
1641 1826 1728 1870 pote
1748 1824 1958 1858 facilmente

113 1901 223 1925 avere
251 1895 305 1925 tra
333 1890 368 1925 le
397 1890 495 1924 mani
524 1891 606 1937 quei
642 1890 656 1906 “
675 1890 763 1925 libri
789 1889 992 1924 lzz'stom'ales
1012 1918 1025 1934 „
1061 1890 1127 1924 che
1156 1900 1269 1923 erano
1298 1895 1352 1923 tra
1378 1889 1412 1922 le
1442 1900 1527 1923 cose
1556 1889 1652 1924 forse
1681 1901 1792 1924 meno
1831 1895 1955 1925 curate

115 1955 213 2002 dagli
243 1955 356 1999 eredi‚
388 1967 408 1989 e
438 1960 587 1991 atti-atto
617 1955 713 1990 dalla
742 1956 912 1991 curiosita
941 1956 977 1990 di
997 1955 1149 2001 leggerli
1169 1955 1205 1989 vi
1224 1956 1311 1989 avril
1330 1960 1477 1990 trovato
1498 1954 1530 1990 la
1551 1955 1653 1990 fonte
1676 1967 1741 2001 per
1763 1967 1958 2001 comporre

46 2025 87 2057 30
115 2022 186 2068 egli
215 2027 329 2057 stesso
358 2034 427 2057 una
455 2033 615 2057 cronaca
643 2022 743 2068 degli
773 2022 1025 2056 avvenimenti
1054 2021 1149 2055 della
1179 2032 1239 2056 sua
1271 2016 1371 2056 citta.
1427 2022 1468 2056 lo
1497 2033 1571 2055 non
1592 2021 1717 2066 credo,
1738 2023 1782 2056 ne
1802 2022 1850 2056 mi
1873 2033 1958 2068 pare

116 2089 183 2123 che
211 2089 363 2124 sarebbe
393 2090 584 2123 conforme
614 2088 684 2125 alle
713 2088 892 2125 abitudini
921 2087 1070 2122 mentali
1101 2087 1136 2121 (11
1166 2087 1288 2134 quegli
1317 2088 1456 2122 nomini
1480 2100 1499 2122 e
1520 2087 1555 2121 di
1585 2088 1769 2135 quell’effi,
1801 2088 1869 2124 che
1899 2090 1958 2123 nei

121 2153 135 2171 “
155 2153 244 2188 libri
268 2153 472 2188 historiales
492 2184 506 2200 „
540 2154 599 2190 del
628 2160 851 2190 testamento
871 2155 898 2188 si
919 2154 1076 2189 abbiano
1096 2165 1117 2187 a
1136 2154 1273 2188 vedere
1301 2153 1460 2189 indicate
1481 2153 1514 2189 le
1535 2160 1633 2188 carte
1653 2153 1748 2189 della
1775 2153 1958 2189 Chronica

115 2219 309 2254 circularis
336 2220 461 2255 scritta
491 2220 592 2255 dallo
621 2226 736 2256 stesso
764 2226 951 2265 testatore,
982 2220 1005 2255 il
1034 2220 1141 2267 quale
1178 2220 1248 2254 alla
1280 2232 1341 2255 sua
1379 2231 1538 2254 cronaca
1576 2232 1648 2255 non
1686 2220 1832 2255 doveva
1870 2221 1957 2255 dare

117 2285 374 2332 l’importanza
404 2286 439 2319 (11
469 2297 582 2332 opera
610 2287 763 2330 storica3
793 2288 820 2321 si
849 2287 1026 2334 piuttosto
1055 2288 1074 2320 ὲ
1104 2287 1165 2332 piu
1193 2287 1402 2321 verosimile
1431 2286 1497 2321 che
1527 2287 1610 2332 quei
1639 2286 1719 2320 libri
1750 2285 1845 2321 altro
1884 2299 1956 2321 non

39 2356 79 2388 35
107 2351 247 2386 fossero
275 2364 312 2386 se
341 2364 416 2387 non
444 2364 512 2386 una
541 2363 629 2386 vera
659 2364 678 2386 e
707 2352 856 2397 propria
886 2353 1009 2388 istoria
1038 2352 1239 2387 modenese
1266 2352 1461 2398 posseduta
1489 2351 1534 2386 da
1562 2352 1765 2395 Bonifazio,
1796 2352 1820 2386 il
1851 2352 1957 2400 quale

116 2429 154 2451 se
182 2429 228 2452 ne
255 2417 350 2453 fosse
378 2417 438 2463 gia
468 2418 570 2453 valso
600 2430 665 2463 per
692 2417 726 2451 la
754 2430 816 2453 sua
850 2417 1031 2453 Chronica
1059 2418 1260 2462 circularis,
1290 2418 1440 2452 insieme
1470 2430 1541 2452 con
1562 2418 1652 2452 altre
1673 2429 1783 2464 opere
1803 2419 1959 2453 storiche

116 2483 231 2518 allora
260 2484 428 2526 correnti,
452 2495 562 2518 come
590 2489 777 2530 potevano
807 2496 924 2518 essere
945 2496 1010 2530 per
1030 2485 1193 2531 esempio
1221 2485 1255 2519 le
1285 2483 1469 2519 cronache
1489 2483 1651 2528 generali
1682 2483 1717 2517 di
1739 2483 1900 2518 Martino
1921 2482 1958 2517 di

117 2550 290 2596 Troppau
319 2561 342 2582 o
371 2550 407 2585 di
436 2549 580 2584 Onon'o
609 2550 785 2593 d'Autun‚
807 2563 830 2584 0
859 2551 972 2585 anche
1003 2551 1140 2596 meglio
1168 2551 1201 2584 le
1230 2550 1486 2596 compilazioni
1515 2549 1663 2584 italiane
1693 2549 1728 2583 (li
1756 2550 1958 2584 Tommaso

117 2615 274 2659 Tusc02‚
296 2614 331 2650 di
354 2615 536 2650 Giovanni
567 2615 738 2650 Colonna
752 2616 776 2659 3,
807 2615 843 2651 (11
872 2617 1104 2652 Riccobaldo
1125 2618 1170 2652 da
1200 2617 1380 2652 Ferrara²
1409 2627 1428 2649 e
1457 2615 1493 2649 di
1513 2616 1720 2650 Francesco
1748 2615 1914 2660 Pipino⁵.

209 2719 217 2737 ¹
237 2721 479 2753 Frequentissimo
498 2721 512 2746 ὲ
527 2723 547 2746 il
570 2730 635 2746 caso
656 2723 705 2746 che
724 2723 851 2747 scrittori
871 2724 946 2747 tardi
967 2723 1011 2747 nel
1067 2731 1156 2747 essere
1178 2726 1270 2747 morto
1298 2722 1333 2746 l'S
1359 2724 1457 2753 agosto
1490 2720 1555 2752 1348
1584 2721 1629 2744 chi
1656 2721 1713 2744 fece
1738 2722 1907 2744 testamento
1936 2720 1954 2743 il

121 2763 234 2795 copiare
254 2763 279 2786 le
297 2763 413 2795 epigrafi
434 2764 602 2787 medioevali
624 2765 779 2796 leggessero
800 2772 848 2796 per
862 2765 955 2796 viijla
975 2767 1011 2788 ci·
1068 2764 1100 2788 26
1119 2766 1242 2796 genunio
1266 2771 1339 2795 1349,
1360 2770 1438 2787 come
1459 2763 1520 2786 dice
1541 2763 1567 2786 Ia
1587 2766 1674 2786 stessa
1697 2763 1780 2786 Serie.

122 2804 163 2827 fra
184 2811 232 2836 per
251 2806 304 2828 essi
326 2805 446 2828 insolita
466 2805 510 2828 del
540 2805 603 2837 viiij
626 2805 686 2835 (che
712 2805 757 2828 dal
778 2806 871 2829 secolo
898 2805 962 2829 XVI
982 2806 1010 2829 in
1153 2805 1163 2820 ²
1185 2807 1257 2830 Mon.
1284 2806 1369 2829 Germ.
1390 2806 1457 2832 lzisl..
1478 2803 1563 2831 XXH,
1584 2804 1634 2835 485
1655 2811 1714 2835 sgg.

122 2847 170 2878 poi
198 2848 222 2871 si
248 2848 347 2870 scrisse
374 2845 422 2879 piu
448 2847 630 2871 solitamente
656 2848 705 2878 ix);
732 2846 790 2871 cosi
818 2849 866 2871 che
893 2847 1012 2871 l’autore
1154 2845 1165 2861 ³⁵
1185 2846 1287 2870 erz
1310 2848 1337 2869 in
1358 2847 1431 2869 ⁴llam.
1458 2846 1545 2869 Germ.
1564 2846 1632 2873 Ιιῐςι,7
1652 2844 1751 2872 XXIV,
1773 2844 1820 2875 267
1843 2852 1901 2875 sgg.

80 2893 92 2919 5
121 2887 194 2911 della
216 2887 291 2911 Seria
310 2889 406 2917 citata,
433 2887 499 2912 εἰπὲ
527 2889 688 2917 scambiato,
716 2890 741 2913 al
769 2889 864 2917 solito,
890 2889 917 2913 la
947 2889 1012 2913 data
1155 2887 1166 2902 ⁴
1186 2887 1358 2916 MuRm-oru,
1380 2888 1443 2910 RR.
1464 2887 1505 2910 ll.
1526 2887 1584 2915 SS„
1603 2885 1651 2913 IX,
1671 2893 1704 2917 99
1725 2893 1782 2921 sgg.

122 2936 189 2953 vera
209 2929 253 2953 del
280 2936 348 2962 1349
373 2931 403 2954 in
424 2931 518 2961 quella
544 2930 588 2954 del
614 2929 696 2962 1348:
721 2933 798 2955 certo
825 2938 882 2955 non
908 2933 1012 2963 potera
1154 2928 1165 2944 5
1189 2930 1239 2954 Ivi.
1258 2929 1307 2958 lx,
1328 2928 1376 2961 583
1398 2935 1456 2961 sgg.

1988 2848 2019 2866 10
