2423 3561
439 244 602 282 LXXIV
1141 246 1193 281 IN
1201 245 1548 282 TRODUZIONE

433 379 538 413 zione
558 378 617 413 del
645 379 738 412 1222
761 378 920 424 eseguita
939 378 996 413 nel
1017 378 1140 413 secolo
1155 379 1230 413 XV
1246 381 1282 413 in
1307 380 1454 414 Verona
1469 380 1528 414 dal
1543 381 1668 416 notaio
1684 381 1798 416 Paolo
1813 382 1998 427 Agostino
2013 382 2059 416 da
2073 384 2269 417 Tassarolo

433 456 452 477 8
473 445 718 479 collazionata
739 445 787 478 ivi
808 450 920 479 stesso
940 444 985 478 da
1000 444 1079 478 altri
1099 445 1171 479 due
1191 446 1301 488 notai,
1322 446 1471 480 Andrea
1492 446 1643 493 Asango
1663 459 1682 481 e
1703 448 1861 482 Niccola
1881 449 2030 483 Favoni.
2071 449 2141 482 Dai
2157 449 2269 484 docu-

434 511 545 545 menti
566 510 768 545 conservati
789 510 882 555 negli
904 511 1035 544 antichi
1057 511 1194 544 archivi
1214 512 1379 546 veronesi
1399 514 1405 527 ¹
1426 512 1549 546 risulta
1569 513 1759 548 manifesto
1789 514 1855 548 che
1875 513 1909 547 la
1938 515 2167 549 trascrizionc
2188 527 2207 549 e
2236 515 2269 548 la

435 576 615 610 revisione
645 577 773 610 furono
803 577 963 621 eseguite
994 584 1046 611 tra
1075 576 1099 610 il
1136 576 1231 611 1446
1251 589 1269 611 e
1290 578 1313 611 il
1350 578 1467 622 1450;
1498 591 1556 612 ma
1577 580 1636 613 cio
1657 579 1723 614 che
1743 580 1802 625 piu
1824 592 1844 613 a
1863 581 1923 613 noi
1944 581 2100 626 importa
2121 582 2140 615 ὲ
2160 580 2226 615 che
2248 580 2271 614 il

437 642 560 676 notaio
589 641 634 676 da
663 642 861 676 Tassarolo
891 641 1051 677 dichiara
1081 642 1117 676 di
1144 655 1231 678 aver
1260 644 1409 689 eopiato
1440 644 1461 677 il
1492 643 1715 678 documento
1751 644 1764 661 ⁴⁴
1784 645 1828 679 de
1857 646 2017 692 quodam
2045 646 2138 680 libro
2158 647 2272 681 veteri
2324 648 2341 680 5

442 712 454 723 ⁸·
474 708 509 741 in
537 707 711 753 parmulis
738 709 825 753 ligni
854 708 974 755 posito
1004 709 1038 742 in
1067 709 1251 743 volumine
1272 710 1376 744 unius
1405 710 1591 745 cronice
1621 710 1845 745 diversarum
1865 723 1984 746 rerum
2014 718 2048 746 et
2068 712 2271 757 principum

443 773 455 789 “’
474 773 525 808 de
564 774 697 808 rebus
732 774 909 809 Mutine
945 776 1136 809 tractantis
1156 785 1195 820 „3
1225 775 1347 809 donde
1376 776 1500 811 risulta
1529 776 1700 811 evidente
1730 777 1809 820 che,
1840 789 1946 813 come
1977 776 2035 812 nel
2064 778 2194 813 codice
2223 777 2271 822 A,

436 841 511 874 cosi
540 839 598 873 nel
627 851 806 874 veronese
836 839 868 874 la
898 840 1153 875 confinazione
1183 841 1241 875 del
1288 843 1383 876 1222
1414 854 1473 877 era
1503 843 1681 878 trascritta
1710 856 1729 878 a
1758 844 1817 888 pie
1847 843 1882 877 di
1914 856 1981 878 una
2011 855 2166 878 cronaca
2195 855 2275 878 mo-

436 905 587 948 dencse3
617 906 907 952 probabilmente
930 919 975 941 un
994 908 1170 954 apografo
1198 909 1320 942 antico
1351 908 1385 956 (³²
1407 908 1565 956 quodam
1595 908 1690 943 libro
1724 910 1837 944 veteri
1857 907 1894 955 „)
1927 909 2023 943 della
2052 922 2207 945 cronaca
2236 911 2273 945 di

438 972 624 1006 Giovanni
654 971 700 1006 da
727 973 908 1007 Bazzano.
2305 980 2343 1010 lO

581 1037 626 1071 E.
656 1059 706 1063 -
736 1038 917 1073 Arehivio
956 1039 1167 1085 Capitolare
1205 1039 1241 1073 di
1279 1040 1454 1083 Modena,
1494 1052 1718 1087 pergamena
1755 1042 1782 1085 Ι,
1827 1043 1882 1086 18,
1914 1042 2008 1078 293;
2044 1042 2277 1078 fascicoletto

437 1103 472 1138 di
493 1110 635 1150 quattro
655 1104 743 1149 fogli
764 1104 800 1138 di
819 1116 1041 1151 pergamena
1060 1106 1244 1140 intitolato
1271 1106 1380 1141 “Hoc
1402 1108 1611 1153 exemplum
1630 1114 1812 1154 sumptum
1834 1114 1888 1143 est
1907 1120 1970 1154 per
1990 1120 2049 1142 me
2070 1109 2277 1143 Antonium

443 1170 456 1186 ‘⁴
477 1169 522 1204 de
551 1171 667 1205 Puttis
700 1171 882 1205 notarium
920 1171 1171 1206 ferrariensem
1211 1173 1478 1218 infrascriptum
1516 1185 1562 1207 ex
1599 1174 1760 1221 quodam
1799 1174 1946 1210 libretto
1985 1175 2021 1208 in
2056 1175 2278 1210 membranis

442 1236 457 1254 ‘⁴
476 1243 656 1271 cartarum
685 1241 772 1272 octo
799 1237 836 1271 in
855 1238 971 1272 forma
991 1249 1116 1283 parva,
1146 1244 1324 1284 cooperto
1346 1240 1451 1273 corio
1471 1240 1585 1274 rubeo
1615 1240 1836 1285 dissegnato‚
1868 1242 2041 1286 scriptum
2067 1241 2207 1276 ibidem
2233 1242 2278 1276 (18

444 1302 585 1336 “manu
614 1302 715 1337 Pauli
745 1303 991 1348 Augustinum
1019 1303 1159 1338 Isidorii
1190 1306 1321 1339 notarii
1342 1304 1388 1339 de
1408 1306 1602 1340 Tassarolo
1634 1307 1723 1340 civis
1743 1312 1778 1340 et
1804 1307 1934 1341 notarii
1964 1307 2175 1342 veronensis
2195 1319 2278 1342 cum
2311 1311 2346 1342 15

447 1370 460 1386 “
478 1368 798 1414 subscriptionibus
818 1369 1062 1415 infrascriptis,
1085 1370 1260 1405 videlicet
1280 1398 1313 1415 „.
1368 1372 1589 1406 Basterebbe
1613 1381 1739 1418 questa
1760 1372 2029 1407 dichiarazione
2051 1373 2196 1407 iniziale
2215 1385 2281 1418 per

438 1433 655 1469 dimostrare
686 1436 752 1470 che
785 1435 824 1468 E
849 1436 867 1468 ὲ
896 1447 966 1470 una
1003 1436 1239 1470 trascrizione
1278 1437 1313 1471 di
1343 1436 1399 1482 D3
1429 1449 1487 1471 ma
1516 1438 1578 1483 piu
1606 1438 1745 1483 precisa
1777 1438 1801 1471 il
1831 1437 1922 1472 fatto
1961 1437 2279 1473 l’autentieazione

439 1500 556 1545 finale,
585 1501 651 1536 che
682 1500 880 1544 anch'essa,
911 1513 1019 1535 come
1057 1514 1123 1549 per
1158 1503 1361 1548 l’apografo
1390 1515 1581 1547 veronese,
1610 1504 1647 1537 fu
1678 1504 1766 1538 satta
1796 1504 1842 1538 da
1870 1509 1924 1538 tre
1962 1505 2073 1548 notai,
2110 1505 2187 1538 anzi
2218 1516 2281 1550 per

438 1568 604 1613 maggior
631 1567 810 1602 solennita
839 1568 985 1602 (lavanti
1005 1568 1037 1602 al
1058 1568 1199 1603 vicario
1221 1568 1278 1603 del
1307 1569 1462 1616 podesta
1491 1569 1527 1604 di
1556 1570 1722 1603 Ferram.
1779 1570 1868 1605 Essa
1889 1571 1966 1604 cosi
1995 1581 2126 1605 suona:
2163 1570 2276 1616 “Ego

446 1632 460 1649 “
479 1633 660 1668 Antonius
690 1633 782 1667 filius
820 1633 1121 1669 commendabilis
1159 1640 1194 1669 et
1231 1636 1370 1681 egregii
1397 1637 1465 1670 viri
1493 1648 1550 1670 ser
1579 1637 1764 1672 Francisci
1794 1636 1839 1671 (le
1868 1637 1982 1671 Puttis
2020 1642 2096 1671 not.
2127 1642 2164 1671 et
2192 1637 2282 1672 civis
2311 1641 2352 1672 20

441 1700 454 1716 “
475 1699 505 1733 F
509 1700 716 1733 errariensis
745 1700 947 1746 apostolica
967 1706 1004 1735 et
1024 1700 1201 1746 impen'ali
1220 1702 1438 1737 auctoritate
1458 1703 1619 1737 notarius
1638 1703 1668 1736 F
1672 1703 1878 1737 errariensis
1897 1703 2137 1749 suprascripta
2156 1702 2279 1736 omnia

445 1764 458 1781 “
478 1771 513 1800 et
541 1765 679 1811 singula
707 1771 816 1812 prout
836 1767 872 1800 in
892 1766 1053 1814 quodam
1074 1766 1222 1802 libretto
1244 1775 1426 1814 cooperto
1447 1769 1551 1803 corio
1571 1768 1686 1804 rubeo
1707 1769 1744 1802 in
1763 1769 1880 1803 forma
1901 1781 2023 1814 parva,
2045 1780 2064 1802 e
2077 1769 2276 1804 xistente

444 1834 523 1867 “in
565 1835 702 1869 Curte
742 1835 817 1868 EX.
860 1840 900 1869 et
941 1835 1080 1869 Ill.mi
1125 1835 1297 1869 domini
1341 1838 1495 1871 nostri
1538 1836 1664 1872 ducis
1706 1838 1751 1871 in
1797 1838 1996 1872 civitate
2039 1837 2276 1880 Ferrarie‚

446 1899 460 1916 “
478 1900 551 1933 ubi
588 1905 797 1934 tenentur
834 1900 1030 1935 Cronice
1060 1907 1095 1935 et
1125 1902 1194 1936 alia
1223 1902 1301 1936 iura
1331 1903 1459 1948 prefati
1481 1903 1618 1936 domini
1639 1904 1763 1947 nostri,
1784 1903 1844 1950 qui
1865 1903 2030 1937 librettus
2051 1902 2279 1949 exemplatus

445 1967 459 1984 “
478 1969 544 2002 suit
574 1980 638 2013 per
667 1970 950 2014 suprascriptum
979 1969 1134 2004 Paulum
1163 1971 1411 2015 Augustinum
1439 1972 1619 2005 notarium
1650 1972 1695 2005 de
1725 1971 1885 2018 quodam
1906 1972 1999 2005 libro
2019 1972 2135 2006 veteri
2156 1971 2277 2017 posito
2307 1976 2345 2006 25

445 2035 459 2052 a
478 2035 513 2067 in
543 2034 727 2068 volumine
757 2035 859 2069 unius
888 2036 1047 2070 Cronice
1077 2035 1306 2070 diversarum
1336 2048 1455 2071 rerum
1486 2043 1594 2082 prout
1621 2049 1685 2083 per
1713 2038 1848 2082 scripta
1876 2038 1913 2071 in
1933 2037 2197 2082 subscriptione
2217 2049 2281 2072 sua

443 2102 666 2135 “attestatur
695 2101 816 2135 inveni
846 2113 889 2136 ea
927 2102 972 2136 de
1010 2103 1124 2136 verbo
1163 2102 1209 2136 ad
1247 2103 1402 2137 verbum
1439 2103 1487 2137 nil
1527 2103 1664 2138 addens
1702 2104 1759 2137 vel
1794 2104 1969 2147 minuens,
2006 2103 2106 2149 quod
2135 2116 2278 2138 sensum

446 2166 460 2182 “
478 2172 596 2201 mutet
616 2173 676 2201 aut
695 2167 920 2202 intellectum
940 2168 1065 2211 variet,
1087 2168 1289 2203 solidaliter
1311 2169 1442 2213 levavi,
1472 2171 1606 2215 sumpsi
1627 2176 1663 2204 et
1683 2169 1887 2216 exemplavi
1908 2169 1954 2203 ad
1973 2169 2180 2204 instantiam
2200 2181 2280 2216 spe-

446 2233 459 2250 “
481 2233 621 2267 ctabilis
640 2233 807 2268 Iohannis
835 2233 880 2267 de
911 2234 1130 2280 Compagno
1159 2235 1359 2280 dignissimi
1388 2237 1573 2271 secretarii
1601 2236 1708 2270 Ill.mi
1739 2236 1877 2270 domini
1907 2236 2020 2269 nostri
2050 2236 2108 2270 (lie
2135 2236 2281 2271 decimo

447 2299 461 2315 ‘⁴
480 2304 617 2334 octavo
645 2301 777 2334 mensis
805 2300 926 2345 aprilis
961 2299 1070 2344 1471,
1101 2308 1138 2335 et
1166 2301 1251 2347 quia
1277 2302 1396 2347 ipsum
1426 2303 1637 2348 exemplum
1666 2314 1750 2337 cum
1777 2302 2010 2347 infrascriptis
2038 2314 2095 2337 ser
2122 2303 2216 2337 Fino
2237 2303 2283 2337 de
2312 2306 2353 2336 30

447 2365 461 2382 ‘⁴
480 2364 648 2399 Adriano
678 2372 715 2401 et
744 2365 892 2400 Simone
922 2366 966 2401 de
996 2367 1118 2401 Fabro
1147 2367 1295 2401 notariis
1324 2368 1479 2413 publicis
1507 2369 1673 2403 Feri-arie
1703 2368 1919 2404 concordari
1949 2367 2069 2404 inveni
2101 2380 2184 2403 cum
2202 2369 2281 2414 ipso

447 2430 461 2448 “
480 2431 653 2478 exemplo
681 2432 944 2467 inscontrando
972 2433 1091 2477 ipsum
1121 2445 1204 2467 cum
1233 2433 1340 2469 dietis
1367 2434 1526 2477 notariis,
1557 2434 1642 2468 ideo
1671 2434 1730 2469 hic
1758 2446 1816 2468 me
1845 2435 2037 2481 subscripsi
2058 2441 2094 2469 et
2112 2435 2148 2468 in
2169 2433 2280 2468 fidem

445 2497 459 2514 ‘⁴
479 2498 736 2543 premissorum
764 2498 801 2532 in
830 2499 1009 2544 principio
1037 2499 1140 2534 huius
1168 2511 1250 2533 mee
1279 2499 1556 2546 subscriptionis
1584 2501 1725 2546 signum
1745 2501 1816 2535 mei
1836 2500 2093 2536 tabellionatus
2113 2512 2133 2534 a
2162 2501 2280 2546 capite

449 2563 462 2579 “
481 2565 552 2598 mei
582 2564 740 2598 nominis
768 2565 920 2610 apposui
950 2569 1178 2609 consuetum,
1208 2570 1244 2599 et
1271 2566 1342 2600 hoc
1379 2572 1549 2611 presente
1579 2566 1731 2601 domino
1760 2568 1932 2601 Romano
1962 2567 2006 2602 de
2026 2566 2208 2601 nobilibus
2237 2567 2282 2600 (18

449 2631 463 2647 “
481 2629 634 2664 Vezano
664 2630 800 2665 vicario
829 2630 1062 2676 infrascripto
1090 2631 1126 2665 in
1162 2631 1305 2666 Palatio
1341 2632 1430 2667 Iuris
1460 2633 1625 2667 comunis
1654 2633 1812 2668 civitatis
1840 2633 2006 2667 Ferrarie
2035 2632 2177 2668 sedenti
2215 2645 2281 2678 pro
2310 2636 2349 2668 35

448 2696 462 2712 ‘⁴
484 2695 651 2730 tribunali
670 2721 703 2741 „.
761 2696 936 2742 Seguono
971 2696 1004 2732 le
1041 2696 1299 2732 dichiarazioni
1330 2710 1349 2732 e
1378 2699 1647 2733 sottoscrizioni
1677 2698 1735 2732 dei
1765 2699 1862 2733 notai
1893 2699 1987 2733 Fino
2017 2698 2224 2733 d’Adriano
2263 2710 2282 2732 e

445 2760 596 2796 Simone
627 2761 686 2796 del
716 2762 837 2797 Fabro
868 2763 966 2797 circa
994 2762 1027 2797 la
1047 2751 1366 2798 collazionc‘fzuta
1396 2763 1677 2810 (lell'apogmfo,
1707 2776 1726 2798 8
1758 2765 1817 2811 poi
1840 2770 1965 2812 questa
1994 2763 2280 2799 dichiarazione:

536 2899 543 2915 ¹
565 2901 661 2924 Debbo
689 2901 713 2924 al
736 2902 775 2925 rli⁴
797 2910 854 2925 σειν.
876 2902 1016 2934 Giuseppe
1043 2903 1165 2934 Biadcgo
1187 2904 1210 2927 lk'
1232 2905 1338 2927 notizie
1395 2906 1475 2927 vente
1497 2913 1597 2928 ancora
1613 2912 1661 2928 suo
1682 2905 1765 2936 padre
1780 2905 1897 2931 Isidoro,
1911 2913 1924 2927 e
1940 2905 2002 2928 altri
2019 2903 2133 2928 defunto
2155 2905 2173 2927 il
2190 2905 2281 2935 padre,

447 2944 586 2973 segue-nti:
609 2947 714 2973 quanto
736 2944 760 2967 al
789 2946 885 2967 notaio
906 2945 993 2968 Panlo
1013 2945 1155 2977 Agostino
1176 2946 1338 2969 Tussarollo
1394 2946 1437 2969 dal
1463 2945 1528 2977 1446
1555 2947 1581 2969 in
1604 2948 1658 2977 poi.
1698 2946 1888 2976 Dell'Asango
1915 2947 1935 2969 si
1958 2946 2051 2969 11311110
2076 2948 2126 2969 atti
2148 2947 2192 2969 dal
2217 2952 2279 2978 1455
2310 2949 2323 2974 5

446 2985 472 3007 di
495 2984 520 3007 S.
540 2984 701 3013 Benedetto,
723 2984 791 3016 rogo
818 2987 979 3010 istrumenti
1000 2987 1046 3010 dal
1073 2993 1140 3018 1440
1163 2988 1188 3010 al
1212 2994 1276 3018 1443
1297 2989 1337 3010 vi·
1393 2988 1419 3011 al
1443 2987 1523 3019 14673
1543 2988 1587 3012 del
1608 2988 1715 3012 Favoni
1737 2988 1781 3011 dal
1806 2994 1871 3019 1450
1891 2988 1917 3011 al
1940 2993 2012 3019 1454.
